1987 3267
681 167 804 198 BOOK
835 166 885 196 1v
946 165 1090 197 NOTEs
1120 165 1156 196 11
1646 155 1726 207 263

119 273 210 311 liaeo
223 273 398 322 quaestio
413 286 535 321 quare
549 272 655 321 quod
667 272 807 320 cuique
823 270 980 308 libuerit
994 269 1041 307 iol
1057 269 1195 315 coqitet
1215 268 1302 306 cet.’
1344 267 1428 305 The
1447 267 1618 305 blunder
1637 268 1730 306 does

118 347 225 373 some
250 334 377 372 credit
402 338 445 371 to
471 333 578 371 their
603 337 709 370 taste
735 334 778 370 in
806 332 941 379 Latin,
962 344 1006 368 as
1033 330 1173 368 Cicero
1194 331 1265 367 has
1285 329 1436 367 seldom
1456 330 1535 367 had
1555 344 1579 367 a
1598 331 1731 368 better

118 398 299 435 imitator
327 396 429 433 than
458 395 598 434 Lamb.
657 395 737 434 Cic.
767 395 881 445 epist.
910 394 961 432 ad
986 394 1078 432 fam.
1110 405 1163 430 xv
1196 393 1243 430 16
1273 392 1369 430 thus
1393 393 1509 442 jokes
1538 393 1639 430 with
1668 394 1730 430 his

118 458 251 496 friend
271 458 443 505 Cassius,
464 458 598 496 cloceas
616 463 661 495 tu
680 471 737 494 me
757 457 955 506 oportebit,
974 470 1062 493 cum
1082 455 1215 493 salvus
1230 456 1388 502 veneris,
1407 456 1453 493 iri
1467 469 1600 493 meane
1610 462 1728 505 potes-

120 527 196 559 tate
214 521 265 559 sit
283 527 475 569 spectrum
495 526 610 557 tuum
628 526 684 566 ut,
702 520 868 557 simulac
883 519 984 556 milii
999 518 1219 556 collibitum
1237 518 1290 556 sit
1309 519 1355 556 de
1375 524 1408 556 te
1428 518 1605 567 coqitare,
1628 519 1732 556 illud

120 590 296 623 occurrat
304 598 317 629 ,·
336 597 454 633 neque
474 584 600 621 solum
619 584 664 620 cle
685 589 717 620 te
737 583 809 632 qui
829 583 930 620 milii
959 582 1093 619 haeres
1119 582 1162 620 in
1187 581 1371 619 medullis
1376 595 1392 627 ;
1416 581 1484 619 secl
1501 581 1538 618 si
1556 581 1731 618 insulam

121 646 381 684 Britanniam
401 659 551 695 coepero
570 646 748 694 coqitare,
769 645 853 682 eius
874 644 1030 683 εἴδωλον
1048 644 1151 682 'milii
1169 644 1369 682 advolabit
1393 644 1450 681 ad
1461 646 1624 694 pectus?
1650 644 1731 682 and

120 709 171 748 de
190 713 272 747 nat.
297 720 311 746 1
335 709 410 747 108
430 708 480 746 he
500 709 592 746 asks
611 708 721 758 quid,
743 708 851 757 quod
867 708 1072 746 homiuum
1100 708 1273 746 locorum
1292 707 1457 746 urbium
1476 721 1615 745 earum
1633 721 1733 756 quas

120 785 340 822 numquam
365 772 571 810 vidimus?
596 771 706 821 quid,
735 772 842 820 quocl
865 771 1031 808 simulac
1056 771 1159 808 milii
1184 771 1399 809 collibitum
1424 771 1485 818 sit,
1504 777 1659 820 praesto
1679 776 1732 808 est

121 837 295 885 ima90?3
314 835 394 873 and
414 848 540 885 comp.
560 835 631 872 the
649 834 771 872 fuller
789 833 1012 872 discussion
1033 834 1075 871 of
1094 834 1165 872 the
1185 847 1292 871 same
1312 834 1500 884 question
1519 834 1562 870 in
1582 833 1630 871 de
1649 833 1729 871 div.

122 910 154 937 11
178 899 264 937 137.
378 899 452 936 ‘783
473 898 527 945 Si,
549 898 596 945 si,
617 897 790 943 si=sive‚
813 898 908 943 sive,
931 898 1033 936 sive:
1055 911 1108 934 an
1127 897 1336 944 archaism,
1358 897 1570 947 occurring
1589 897 1633 933 in
1651 901 1733 934 two

121 961 188 1000 old
200 961 469 1011 inscriptions,
478 961 522 997 in
535 960 704 998 Plautus
717 973 825 998 more
837 961 937 997 than
952 973 1048 998 once
1056 960 1137 998 and
1150 961 1193 997 in
1206 960 1277 998 the
1288 960 1548 1010 antiquarian
1562 960 1731 998 Fronto:

122 1038 186 1063 see
213 1024 254 1064 C.
285 1024 327 1063 F.
358 1024 423 1062 W.
454 1024 627 1061 Mueller
653 1037 705 1061 on
724 1024 803 1061 sive
823 1037 859 1073 p.
883 1022 925 1062 7:
948 1022 1029 1076 [see
1049 1024 1132 1062 also
1155 1024 1207 1061 ‘si
1225 1023 1334 1069 deus,
1356 1023 1390 1060 si
1409 1023 1485 1060 dea
1505 1024 1591 1070 est,'
1611 1036 1729 1060 carm.

122 1100 229 1127 evoc.
257 1087 302 1124 in
327 1086 639 1124 Wordsworth⁷s
666 1086 822 1136 Fragm.
853 1086 934 1123 and
962 1086 1071 1136 Spec.
1091 1099 1127 1137 p.
1152 1087 1241 1133 285,
1264 1085 1345 1124 and
1365 1085 1427 1123 his
1448 1091 1543 1124 note
1562 1098 1597 1136 p.
1623 1084 1732 1138 410.]

121 1151 305 1199 denique:
325 1162 390 1187 see
409 1163 446 1187 n.
470 1152 513 1186 to
533 1160 546 1185 Ι
569 1148 656 1186 278.
781 1149 856 1186 785
885 1149 955 1187 sub
983 1150 1094 1187 verbo
1125 1153 1203 1187 ‘est
1232 1149 1306 1186 sub
1334 1149 1461 1186 iussu'
1492 1148 1611 1186 Lach.
1644 1148 1733 1186 who

123 1213 247 1251 refers
273 1217 316 1251 to
342 1211 527 1249 Lactant.
557 1211 650 1248 inst.
680 1222 721 1248 1v
750 1211 798 1248 15
827 1212 877 1248 22
905 1213 1111 1262 statimque
1138 1212 1208 1250 sub
1227 1213 1336 1250 verbo
1357 1213 1441 1250 eius
1460 1211 1735 1261 tranquillitas

122 1277 301 1315 insecuta
327 1281 401 1313 est:
428 1288 492 1312 see
518 1288 556 1312 n.
587 1279 631 1312 to
659 1275 736 1312 545
763 1275 834 1313 sub
854 1289 1066 1314 murmure.
1179 1275 1313 1314 verbo:
1344 1275 1447 1325 Livy
1476 1274 1548 1312 has
1575 1281 1743 1329 senatus

123 1340 256 1386 verbis,
278 1338 484 1376 consulum
509 1338 642 1384 verbis,
658 1338 855 1387 praetoris
880 1338 1014 1386 verbis,
1037 1339 1240 1376 dictatoris
1265 1338 1390 1376 verbis
1398 1352 1409 1386 3
1436 1338 1590 1376 Sallust
1607 1338 1733 1376 senati

122 1402 258 1450 verbis,
280 1408 438 1440 senatus
456 1400 672 1450 populique
698 1400 874 1439 Romani
899 1401 1024 1439 verbis
1032 1415 1042 1449 3
1069 1401 1244 1439 Terence
1272 1401 1395 1439 verbis
1422 1401 1517 1439 meis
1524 1415 1535 1449 3
1564 1401 1734 1439 Plautus

123 1465 245 1504 verbis
264 1465 354 1511 tuis,
377 1464 457 1502 tuis
476 1464 610 1511 verbis,
633 1464 734 1502 with
760 1464 831 1502 the
857 1477 970 1502 sense
996 1463 1038 1502 of
1063 1464 1201 1501 iussis:
1223 1462 1302 1501 Cic.
1326 1463 1379 1502 ad
1398 1464 1489 1501 Att.
1515 1475 1584 1501 XVI
1609 1464 1668 1512 11,
1690 1468 1734 1501 at

123 1528 213 1577 end,
229 1528 394 1565 Atticae.
405 1557 412 1564 .
423 1527 531 1564 .meis
545 1527 669 1565 verbis
679 1527 836 1565 savium
852 1527 916 1565 des
928 1527 1021 1566 volo.
1100 1527 1174 1565 786
1193 1526 1297 1565 Cum
1304 1527 1539 1576 praesertim
1554 1526 1626 1563 has
1641 1526 1735 1564 here

124 1592 316 1642 precisely
333 1591 402 1628 the
417 1590 525 1628 force
540 1591 670 1628 which
687 1604 746 1628 we
765 1603 834 1628 are
853 1591 1001 1640 taught
1020 1591 1073 1641 by
1094 1589 1264 1641 Madvig
1283 1589 1334 1628 de
1353 1590 1420 1627 fin.
1445 1601 1475 1627 11
1498 1590 1547 1627 25
1568 1590 1602 1627 it
1622 1589 1734 1627 often

124 1657 194 1694 has
221 1656 265 1693 in
291 1655 447 1693 Cicero:
477 1653 573 1691 ‘and
599 1653 692 1691 that
720 1658 788 1692 too
816 1653 1028 1704 although'
1036 1667 1047 1702 3
1076 1653 1127 1691 he
1156 1653 1255 1690 cites
1284 1665 1357 1702 pro
1387 1652 1475 1691 Sex.
1509 1653 1654 1690 Roscio
1684 1653 1733 1690 66

123 1719 458 1758 videtisne...cum
477 1718 710 1767 praesertim
737 1718 900 1756 deorum
925 1717 1212 1755 immortalium
1233 1717 1352 1754 iussis
1371 1723 1484 1765 atque
1504 1716 1674 1753 oraculis
1691 1716 1739 1754 id

111 1782 254 1833 jecisse
282 1781 482 1828 dicantur,
514 1787 643 1819 tamen
671 1788 715 1818 ut
743 1795 804 1819 eos
832 1781 979 1831 aqiterzt
995 1780 1165 1831 furiae:
1195 1794 1220 1817 a
1247 1779 1349 1830 good
1378 1780 1561 1817 instance
1589 1780 1623 1816 is
1652 1780 1732 1818 Cic.

124 1850 260 1884 orator
286 1844 335 1882 32
363 1858 429 1882 uec
455 1858 553 1891 vero,
575 1845 610 1882 si
634 1844 842 1883 historiam
860 1859 942 1882 ‘nou
960 1844 1185 1893 scripsisset,
1208 1856 1349 1881 nomen
1367 1843 1451 1880 eius
1469 1849 1624 1889 eaetaret,
1647 1857 1736 1881 cum

116 1908 350 1958 praesertim
363 1906 513 1957 fuisset
538 1907 755 1946 honoratus
780 1915 814 1946 et
839 1908 1002 1946 nobilis:
1030 1906 1171 1960 [comp.
1202 1907 1285 1944 also
1311 1906 1401 1944 bell.
1431 1905 1520 1943 Afr.
1554 1906 1572 1943 l
1604 1907 1627 1942 4
1647 1920 1736 1943 cum

118 1972 350 2022 praesertim
369 1971 417 2008 ab
436 1970 575 2008 incolis
595 1971 678 2009 eius
698 1971 927 2020 provinciae
946 1971 1236 2008 nuntiarentur
1255 1969 1574 2007 adversariorum
1593 1969 1732 2018 copiae,

130 2041 309 2073 ...tamen
328 2047 407 2071 uon
427 2031 719 2086 deterrebatur]
776 2033 860 2070 The
880 2033 965 2070 fact
984 2034 1018 2070 is
1038 2033 1132 2070 that
1151 2033 1332 2069 between
1350 2033 1432 2069 this
1447 2032 1527 2069 and
1543 2033 1612 2069 the
1628 2044 1736 2069 more

123 2098 239 2136 usual
266 2109 391 2143 sense,
412 2097 526 2134 there
553 2096 588 2134 is
607 2096 697 2146 just
722 2096 792 2133 the
819 2109 927 2133 same
953 2095 1166 2132 difference
1191 2107 1235 2131 as
1262 2095 1447 2132 between
1473 2107 1561 2131 cum
1591 2095 1732 2132 ‘since'

124 2160 205 2199 and
224 2173 312 2197 cum
334 2158 532 2209 ‘though'.

207 2223 280 2262 '789
302 2223 401 2261 Hor.
425 2227 499 2260 sat.
523 2234 536 2259 1
559 2222 580 2259 9
604 2223 655 2260 24
681 2223 772 2272 quis
797 2222 967 2260 membra
994 2235 1141 2259 movere
1169 2221 1341 2258 Mollius.
1455 2220 1529 2259 '790
1550 2220 1694 2259 Mollia
1713 2220 1736 2257 I

125 2300 216 2325 now
235 2286 331 2323 take
352 2286 449 2323 with
471 2285 667 2324 bracchia:
688 2286 732 2323 in
752 2286 916 2323 ancient
936 2285 1111 2335 dancing
1129 2286 1200 2322 the
1219 2297 1325 2321 arms
1346 2298 1449 2322 were
1468 2297 1577 2322 more
1595 2285 1737 2334 impor-

125 2354 220 2388 tant
238 2349 341 2387 than
359 2348 430 2386 the
449 2349 549 2399 legs:
571 2348 644 2386 Ov.
667 2361 731 2385 ars
753 2360 766 2385 1
788 2349 865 2386 595
886 2349 922 2386 si
947 2348 1085 2386 mollia
1111 2348 1303 2396 bracchia,
1327 2347 1429 2385 salta
1439 2361 1449 2395 3
1469 2359 1500 2385 11
1522 2347 1599 2385 305
1620 2347 1737 2385 Brac-

126 2413 216 2452 cliia
240 2412 437 2459 saltantis,
462 2425 587 2449 vocem
611 2411 761 2448 mirare
785 2411 978 2458 caneutis3
1003 2409 1070 2463 [111
1097 2411 1173 2448 349
1206 2409 1307 2457 Quis
1334 2410 1483 2448 dubitet
1510 2409 1612 2459 quin
1639 2410 1737 2447 scire

125 2476 240 2514 velim
264 2475 408 2513 saltare
428 2474 615 2524 puellam,
651 2475 699 2512 Ut
723 2481 871 2512 moveat
893 2475 1018 2524 posito
1045 2473 1227 2511 bracchia
1247 2473 1358 2511 iussa
1377 2473 1738 2511 mero?...Tautum

126 2538 321 2577 mobilitas
349 2537 424 2574 illa
452 2537 598 2575 decoris
626 2535 768 2590 liabet;]
806 2550 898 2574 rem.
938 2537 1015 2574 334
1044 2537 1124 2574 Fae
1148 2536 1269 2583 saltet,
1301 2536 1422 2573 ‘nescit
1449 2536 1567 2585 siqua
1589 2549 1737 2573 movere

126 2615 316 2648 mauum3
344 2600 442 2637 fasti
463 2611 513 2637 111
534 2600 612 2638 536
633 2601 785 2638 iactant
798 2599 946 2650 faciles
964 2599 1021 2641 acl
1037 2613 1111 2637 sua
1130 2599 1245 2636 verba
1263 2612 1409 2636 manus
1417 2613 1428 2647 3
1457 2599 1573 2649 Prop.
1597 2611 1646 2636 111
1668 2599 1735 2650 (11)

129 2665 178 2702 22
201 2665 223 2702 5
244 2663 354 2701 molli
380 2663 534 2700 diducit
559 2663 734 2701 candida
758 2669 867 2712 qestu
893 2662 1106 2709 Braccliia3
1127 2661 1387 2699 Automedon
1409 2663 1431 2700 3
1454 2663 1488 2709 3,
1511 2662 1679 2699 Anthol.
1703 2672 1737 2698 11

127 2741 160 2778 p.
189 2727 265 2765 208
275 2741 285 2775 3
304 2725 448 2777 βάλλει
466 2725 544 2766 Τοῖς
563 2725 713 2767 ἁπαλοῖς
737 2724 891 2765 σῖπαλῶς
911 2723 980 2763 ὧδε
1000 2724 1060 2762 καὶ
1080 2722 1148 2761 ὧδε
1166 2724 1286 2775 χέρας.
1346 2723 1436 2778 [See
1455 2725 1539 2763 also
1559 2725 1734 2775 Hesych.

127 2789 360 2841 χειρονόμος·
391 2787 593 2839 ὀρχηστής.
635 2789 859 2839 χωρονομεῖ·
888 2787 1083 2840 ὀργίζεται.
1125 2790 1355 2838 χειρονομεῖ·
1383 2786 1558 2840 ὀρχεῖται.
1602 2788 1734 2825 Bentl.

127 2853 179 2892 ad
199 2853 300 2891 Mill.
355 2855 364 2873 ‘
376 2852 472 2888 This
492 2851 618 2889 dance
637 2852 774 2889 allows
789 2864 842 2888 no
861 2854 1090 2889 movement
1109 2850 1151 2888 of
1170 2851 1240 2888 the
1260 2851 1362 2901 legs:
1382 2852 1452 2889 the
1466 2851 1549 2889 feet
1564 2850 1736 2900 scarcely

75 2962 77 2964 q
127 2917 212 2954 stir.
271 2915 354 2952 The
380 2914 618 2964 performers
644 2913 810 2951 balance
836 2913 1076 2951 themselves
1102 2926 1154 2951 on
1180 2913 1288 2951 their
1307 2915 1519 2960 haunches,
1542 2913 1737 2962 inclining

127 2979 234 3017 their
260 2977 382 3015 heads
409 2977 518 3026 right
543 2990 588 3015 01·
613 2977 700 3023 left,
722 2977 838 3014 make
864 2976 1042 3026 graceful
1068 2981 1248 3026 gestures
1274 2977 1375 3015 with
1401 2978 1508 3015 their
1533 2989 1638 3013 arms
1657 2976 1737 3013 and
