1987 3267
232 173 314 213 340
804 167 924 198 BOOK
957 167 988 196 V
1048 165 1191 196 NOTES
1223 165 1256 194 II

231 273 414 323 previous
439 272 752 309 considerations
779 269 898 313 asiae,
920 268 1002 305 this
1027 267 1154 305 that':
1185 267 1263 304 Cic.
1289 265 1390 303 Cato
1413 265 1460 302 16
1486 263 1661 314 supplies
1685 276 1709 300 a
1733 263 1832 313 good

232 337 413 372 instance
442 334 483 371 of
511 334 593 370 this
621 334 739 379 force,
767 339 903 368 notum
933 331 1037 367 enim
1065 329 1169 366 vobis
1197 341 1353 365 carmen
1381 333 1460 372 est,·
1487 333 1521 363 et
1550 333 1681 363 tamen
1706 325 1839 374 ipsius

232 398 354 447 Appii
373 403 476 434 esi-tat
496 397 629 442 oratio,
645 396 704 433 i.e.
728 394 807 431 and
828 406 927 430 even
947 392 980 429 if
999 393 1068 428 the
1088 403 1220 428 verses
1239 389 1281 426 of
1301 389 1457 426 Ennius
1476 401 1578 426 were
1598 392 1670 426 not
1688 387 1836 424 known

232 469 275 497 to
294 472 383 510 you,
405 463 474 508 yet
494 457 662 508 Appius'
676 469 765 494 own
781 454 921 504 speech
942 454 975 490 is
991 458 1133 490 extant
1149 457 1191 489 to
1206 451 1351 489 inform
1372 464 1468 501 you:
1489 451 1511 487 I
1526 464 1590 488 am
1605 448 1836 488 astonished

232 522 323 559 that
344 521 467 558 Halm
489 533 578 569 says
599 524 641 555 to
661 525 693 555 et
721 524 851 554 tamen
870 516 912 553 of
939 516 993 552 all
1019 528 1108 552 mss.
1135 514 1284 551 ‘malim
1312 514 1463 551 etiam’:
1492 513 1542 550 ad
1563 514 1651 550 Att.
1675 524 1719 550 IX
1742 513 1790 550 10
1812 513 1837 549 3

232 590 267 621 et
296 590 425 620 tamen
453 596 535 631 spes
563 582 778 630 quaedamg
820 591 847 617 x
878 579 899 616 6
933 579 950 615 1
983 591 1088 615 ‘meas
1115 577 1360 626 coyitationes
1388 590 1518 613 omnes
1546 575 1738 625 eci-plicavi
1765 574 1837 613 tibi

232 645 499 696 superioribus
517 645 660 681 litteris
673 659 687 688 ,·
716 643 897 692 quocirca
916 642 986 678 leae
1006 647 1098 678 sunt
1118 640 1241 677 breves
1254 654 1267 685 ‚·
1287 646 1321 676 et
1341 646 1470 676 tamen
1487 639 1584 688 quia
1591 637 1838 687 festinabam

234 714 326 745 cet.:
356 708 425 745 the
444 707 565 744 latest
584 705 713 743 editor
734 705 837 741 Boot
856 717 946 754 says
969 708 1056 753 ‘pro
1076 703 1213 752 inepto
1231 708 1266 739 et
1287 708 1416 739 tamen
1435 701 1563 750 recepi
1588 700 1838 750 Malaspinae

233 771 384 808 etiam⁷z
406 781 481 806 vm
505 769 551 806 12
566 780 591 805 A
609 769 630 804 2
649 766 890 818 (Pompey's)
906 780 951 804 ex
969 766 1112 815 quibus
1132 772 1262 802 tamen
1281 769 1376 811 cet.;
1406 776 1431 801 x
1452 764 1475 801 8
1497 764 1519 801 6
1539 770 1574 800 et
1594 769 1724 801 tamen
1743 767 1816 801 cet.
1827 776 1841 810 3

235 844 275 870 XI
300 833 321 869 3
346 834 362 869 1
381 846 391 879 3
420 842 489 868 XIV
510 832 533 867 5
556 831 577 867 2
598 829 703 867 vides
723 836 876 876 tamen3
905 839 981 865 §111
1004 829 1052 864 42
1078 828 1095 864 1
1119 841 1192 874 aes,
1215 828 1358 876 inquit,
1379 826 1570 872 alienum,
1589 831 1623 863 et
1643 831 1772 863 tamen
1790 838 1840 863 ne

234 896 423 932 viaticum
448 893 630 943 quislenc3
660 892 708 929 de
729 892 794 928 fin.
819 903 849 928 11
872 892 922 928 84
943 891 995 927 Et
1023 897 1175 928 tamen:
1205 903 1268 928 see
1296 889 1486 940 Madvig:
1516 889 1619 938 Livy
1640 899 1767 925 xxxlx
1788 887 1840 926 36

238 958 285 995 12
305 971 474 1006 quorum
493 963 623 993 tamen
642 955 818 992 maxima
843 968 940 1003 pars
960 953 1062 990 nihil
1078 954 1246 1002 pertinet
1266 952 1321 989 ad
1338 965 1431 999 nos3
1460 951 1533 989 Ov.
1555 951 1652 988 fasti
1672 962 1720 988 111
1742 950 1819 989 573
1827 964 1840 999 3

236 1031 275 1058 lv
298 1020 393 1066 6993
422 1019 502 1056 her.
536 1019 582 1055 14
606 1018 675 1065 623
706 1017 806 1054 Plin.
836 1017 948 1066 epist.
979 1027 1054 1053 VI11
1078 1016 1100 1052 3
1124 1016 1165 1062 23
1196 1016 1241 1052 21
1267 1017 1307 1052 4:
1338 1015 1428 1052 Sen.
1456 1013 1596 1051 Troad.
1626 1013 1704 1051 534
1729 1013 1842 1062 gives

235 1083 304 1120 the
323 1082 397 1119 full
418 1082 572 1131 phrase,
594 1080 657 1125 Et,
680 1080 715 1116 si
734 1085 871 1116 taceret
891 1092 1024 1127 auyur
1044 1078 1135 1115 haec
1157 1077 1334 1124 Calchas,
1353 1084 1482 1114 tamen
1502 1076 1664 1114 Dicebat
1682 1075 1836 1114 Hector.

237 1143 388 1198 [Comp.
412 1144 495 1181 also
516 1143 595 1181 Cic.
618 1143 732 1192 epist.
756 1154 770 1179 1
793 1142 815 1179 9
841 1142 888 1179 10
908 1141 999 1179 haec
1018 1155 1106 1178 cum
1132 1141 1187 1179 ad
1211 1154 1268 1178 me
1285 1141 1423 1191 frater
1446 1140 1666 1190 pertulisset
1691 1146 1725 1177 et
1750 1152 1841 1177 cum

237 1215 366 1245 tamen
386 1207 596 1255 Pompeius
615 1205 670 1242 ad
687 1218 745 1242 me
765 1218 854 1242 cum
874 1205 1074 1241 mandatis
1094 1203 1310 1241 Vibullium
1328 1203 1495 1241 misisset
1509 1217 1520 1250 ;
1549 1201 1758 1240 Dolabella
1776 1213 1837 1251 ap.

237 1269 317 1308 Cic.
339 1269 452 1318 epist.
479 1279 518 1305 lx
541 1268 563 1304 9
586 1267 608 1304 3
630 1274 662 1304 et
683 1280 786 1304 meas
807 1273 934 1303 tamen
958 1280 1086 1315 preces
1107 1272 1180 1303 cet.
1192 1280 1202 1313 3
1233 1278 1257 1303 x
1282 1267 1297 1303 1
1324 1267 1346 1303 3
1367 1272 1410 1312 et,
1436 1272 1716 1315 praeterquam
1737 1263 1845 1314 quod

236 1333 293 1369 rei
308 1331 489 1380 publicae
509 1330 703 1368 consulere
724 1330 909 1375 debemus,
934 1336 1062 1366 tamen
1084 1330 1218 1378 (etiam
1237 1329 1444 1379 VVesenb.)
1464 1335 1553 1366 tuae
1573 1327 1764 1377 dignitati
1783 1326 1842 1365 ita

225 1394 410 1443 favemus
424 1408 434 1441 3
464 1393 596 1430 Plaut.
620 1392 743 1430 Stich.
769 1392 845 1430 730
866 1406 1016 1429 mecum
1042 1393 1109 1429 ubi
1129 1399 1192 1438 est,
1217 1399 1340 1430 tecum
1367 1399 1419 1429 est
1444 1398 1584 1438 tamen,
1608 1392 1750 1430 Tecum
1774 1391 1843 1429 ubi

237 1463 368 1494 autem
387 1462 448 1502 est,
471 1469 621 1493 mecum
641 1468 687 1491 ea
708 1454 843 1491 itidem
863 1461 932 1492 est:
958 1455 1088 1491 where
1109 1462 1237 1491 tamen,
1256 1452 1630 1507 exactly=itidem.]
1740 1453 1842 1492 1178

239 1518 330 1556 Non
364 1525 447 1556 tem.
484 1518 592 1556 ulla:
631 1530 671 1555 VI
709 1518 809 1555 1219
845 1518 924 1555 Nec
957 1524 1086 1555 tamen
1119 1518 1282 1555 omnino
1315 1525 1469 1555 temere.
1489 1550 1494 1554 .
1513 1517 1601 1555 ulla
1637 1521 1732 1556 ceth:
1773 1517 1844 1554 the

239 1583 468 1632 expression
494 1582 527 1619 is
553 1595 756 1619 common:
787 1581 889 1631 Livy
911 1593 941 1618 11
971 1582 1015 1618 61
1043 1582 1089 1628 43
1120 1581 1227 1618 Suet.
1252 1582 1358 1631 Aug.
1384 1582 1430 1618 16
1451 1581 1530 1618 and
1557 1581 1632 1629 535
1663 1581 1745 1619 Cal.
1767 1580 1845 1628 36;

239 1646 381 1683 Florus
402 1656 415 1682 1
438 1645 487 1682 33
509 1647 556 1694 (11
583 1645 668 1694 18);
701 1644 800 1682 Hor.
824 1650 896 1681 sat.
922 1656 951 1681 11
974 1645 996 1681 2
1021 1644 1094 1681 116
1123 1645 1214 1681 Non
1241 1651 1419 1682 temere..
1438 1644 1683 1693 Quicquam3
1713 1641 1840 1696 [Caes.

241 1709 275 1745 b.
300 1708 401 1745 Gall.
425 1720 466 1745 1v
488 1709 538 1745 20
560 1709 583 1745 3
610 1722 729 1757 neque
755 1708 860 1745 enim
887 1715 1040 1746 temere.
1057 1738 1064 1745 .
1080 1708 1151 1745 illo
1176 1708 1261 1745 adit
1287 1708 1499 1757 quisquam
1512 1721 1522 1755 3
1552 1707 1687 1757 Nepos
1711 1706 1844 1744 Attio.

227 1768 292 1807 '20
323 1771 345 1807 2
380 1770 515 1809 nullus
547 1771 628 1808 dies
661 1777 796 1808 temere
830 1771 1051 1817 intercessit,
1087 1784 1164 1820 quo
1193 1784 1273 1808 non
1302 1768 1394 1823 cet.]
1558 1770 1762 1808 convinci:
1795 1768 1846 1806 he

241 1834 311 1870 has
344 1833 455 1871 often
489 1834 584 1871 used
619 1834 731 1871 vinco
759 1833 822 1871 for
853 1835 1064 1880 convinco3
1099 1834 1191 1870 here
1220 1834 1268 1870 he
1302 1846 1390 1870 uses
1418 1832 1598 1870 convinci
1624 1831 1688 1870 for
1714 1831 1846 1879 vincij,

241 1896 320 1933 and
355 1896 376 1933 I
411 1909 485 1933 can
515 1896 599 1933 find
630 1909 681 1933 no
714 1895 857 1933 second
887 1896 1078 1932 instance.
1136 1894 1338 1943 putabant,
1373 1894 1474 1932 1179
1501 1893 1708 1943 putabant,
1743 1893 1841 1930 1181

241 1958 434 2005 videbant,
477 1958 579 1996 1176
613 1959 800 2004 manebat,
841 1958 942 1996 1170
980 1957 1183 1995 videbant:
1222 1957 1303 1994 this
1335 1961 1553 2006 monotony
1586 1955 1628 1994 of
1659 1956 1847 1993 termina-

242 2022 348 2058 tions
376 2022 410 2058 is
439 2034 619 2058 common
647 2021 690 2058 in
719 2020 788 2058 the
817 2020 928 2058 older
959 2025 1070 2070 poets
1099 2021 1188 2057 who
1215 2032 1318 2057 were
1346 2032 1453 2057 more
1481 2018 1648 2056 careless
1673 2031 1725 2055 on
1749 2018 1846 2056 such

243 2084 377 2133 points
396 2083 498 2120 than
516 2083 586 2120 the
605 2083 718 2120 later.
832 2083 931 2120 1180
960 2083 1095 2120 mortis
1116 2082 1233 2119 timor
1258 2082 1386 2119 which
1413 2081 1526 2119 Lucr.
1549 2081 1628 2118 and
1649 2081 1847 2131 Epicurus

245 2159 287 2182 so
315 2145 426 2183 often
455 2146 572 2183 insist
600 2159 652 2183 on
680 2159 724 2183 as
752 2146 821 2183 the
849 2146 959 2182 main
987 2158 1103 2183 cause
1131 2145 1173 2182 of
1200 2147 1328 2182 man's
1355 2145 1511 2195 misery.
1568 2150 1744 2182 vexaret:
1777 2143 1849 2182 the

245 2208 344 2257 subj.
367 2209 408 2246 of
427 2222 564 2246 course
583 2222 786 2258 expresses
806 2209 911 2246 their
930 2209 1112 2258 thought.
1228 2208 1324 2246 1182
1344 2221 1424 2256 cap.
1445 2206 1516 2244 lab.
1539 2219 1677 2244 occurs
1695 2206 1739 2243 in
1757 2206 1844 2245 Ter.

245 2271 373 2308 Andr.
399 2271 494 2320 7193
516 2271 615 2319 8703
636 2271 718 2309 hec.
743 2271 838 2318 3443
859 2270 992 2308 Plaut.
1015 2271 1108 2308 trin.
1134 2271 1220 2308 271.
1334 2270 1432 2308 1183
1452 2269 1548 2307 caeli
1566 2270 1739 2307 ‘rationes
1757 2273 1846 2308 cet.:

247 2333 394 2371 Sextus
413 2334 437 2371 l.
460 2334 483 2372 1.
509 2335 595 2372 ἔνιοι
614 2333 653 2372 δὲ
671 2335 732 2372 ἐπὶ
753 2333 821 2382 τὴν
847 2332 1094 2382 ἀπαράβατον
1121 2333 1180 2370 καὶ
1208 2331 1382 2370 εὔτακτον
1405 2334 1477 2371 τῶν
1503 2330 1679 2383 οὐρανίων
1704 2331 1850 2382 κίνησιν

245 2395 535 2448 παραγινόμενοι
555 2398 654 2444 φασὶ
672 2396 741 2444 τὴν
760 2395 878 2446 ἀρχὴν
903 2397 983 2435 ταῖς
1001 2399 1073 2433 τῶν
1092 2395 1182 2434 θεῶν
1209 2395 1383 2435 ἐπινοίαις
1408 2393 1483 2433 «ivd
1502 2395 1639 2443 ταύτης
1657 2394 1850 2446 γεγονέναι

246 2460 401 2507 πρῶτον.
570 2461 668 2498 1187
689 2461 852 2506 tradere,
862 2458 1165 2507 facere=accus
1190 2458 1334 2494 subst.:
1364 2470 1428 2495 see
1447 2471 1484 2494 n.
1507 2462 1550 2495 to
1570 2468 1584 2494 1
1604 2457 1692 2495 418.

248 2521 347 2558 1188
379 2522 495 2558 deum
525 2522 666 2571 templa
698 2535 823 2559 seems
854 2522 947 2558 here
979 2526 1022 2558 to
1052 2521 1154 2558 have
1181 2521 1298 2557 much
1327 2520 1398 2558 the
1425 2533 1533 2558 same
1559 2520 1667 2558 force
1697 2533 1743 2558 as
1771 2520 1849 2559 948

246 2584 440 2622 silvestria
467 2585 608 2634 templa
636 2585 928 2635 Nympharum.
1041 2584 1138 2621 1189
1167 2597 1245 2620 nox
1269 2589 1304 2620 et
1328 2583 1438 2630 luna,
1461 2583 1582 2621 Luna
1607 2583 1690 2621 dies
1714 2589 1749 2621 et
1772 2597 1851 2622 nox

247 2652 283 2684 et
308 2646 431 2683 noctis
457 2646 595 2695 siqna:
629 2647 748 2685 Lach.
780 2651 823 2684 to
855 2650 1022 2696 support
1050 2646 1112 2682 his
1140 2645 1252 2683 weak
1285 2646 1501 2683 alteration
1528 2658 1619 2695 says
1649 2645 1704 2682 ‘si
1731 2650 1851 2696 poeta

248 2708 291 2745 in
319 2712 489 2758 utroque
517 2708 752 2759 ἐπανάληψιν
780 2709 981 2755 voluisset,
1003 2708 1177 2746 debebat
1205 2709 1376 2746 scribere
1400 2722 1479 2746 nox
1506 2715 1540 2746 et
1567 2708 1676 2755 luna,
1697 2707 1790 2745 Nox
1815 2714 1852 2745 et

251 2770 357 2816 luna,
373 2770 453 2807 dies
462 2785 472 2818 3
493 2771 636 2821 quibus
651 2784 732 2808 non
752 2775 911 2821 poterat
930 2771 1146 2808 subici...et
1164 2771 1285 2808 noctis
1303 2770 1431 2819 siyna'
1440 2784 1450 2818 3
1469 2771 1544 2807 but
1562 2770 1597 2808 it
1616 2783 1697 2807 was
1715 2770 1851 2820 partly

250 2832 419 2882 perhaps
446 2832 490 2869 in
518 2832 632 2869 order
659 2833 751 2870 that
779 2833 829 2870 he
858 2833 986 2882 might
1008 2832 1085 2869 add
1114 2839 1148 2869 et
1176 2833 1299 2870 noctis
1325 2832 1418 2869 that
1450 2832 1500 2869 he
1527 2832 1599 2868 has
1627 2831 1742 2869 made
1768 2831 1852 2868 this

251 2894 451 2931 variation
466 2908 476 2941 3
504 2894 583 2930 and
603 2894 756 2943 though
777 2894 895 2931 Lach.
920 2907 1010 2943 says
1033 2898 1041 2914 ‘
1055 2893 1227 2931 debebat
1252 2894 1454 2941 scribere',
1475 2894 1545 2931 the
1567 2898 1660 2943 poet
1678 2893 1852 2943 thought

252 2954 489 3005 differently,
512 2956 726 3005 supported
756 2969 798 2992 as
824 2956 873 2993 he
900 2969 981 2993 was
1008 2957 1060 3007 by
1081 2957 1149 2993 the
1175 2961 1289 3006 great
1314 2957 1518 3006 exemplar
1543 2955 1585 2993 of
1612 2961 1734 3006 poets,
1763 2955 1852 2993 who
