1987 3267
760 154 884 186 BOOK
915 155 970 185 ΙΙΙ
1031 155 1175 187 NOTES
1206 156 1243 187 II
1726 163 1810 205 219

191 257 265 295 912
293 263 514 307 tenentque:
544 268 558 295 1
587 258 664 295 495
694 271 821 295 manu
847 258 1055 296 retinentes
1074 259 1219 308 pocula
1247 259 1329 297 rite.
1500 262 1574 300 913
1603 269 1810 313 saepe=ut

189 332 306 370 saepe
334 321 405 358 fit:
435 333 500 358 see
529 334 567 360 n.
599 325 642 359 to
671 333 697 358 v
730 322 844 360 1231.
931 335 1003 359 ora
1027 322 1062 359 is
1089 335 1187 373 very
1207 323 1380 373 vaguely
1399 325 1496 362 used
1517 325 1569 376 by
1589 326 1659 363 the
1679 332 1811 377 poets3

189 383 283 421 here
309 383 344 421 it
369 388 479 421 must
503 397 620 421 mean
648 385 718 422 the
746 384 896 423 brows:
923 385 1028 423 Aen.
1058 397 1100 423 VI
1131 385 1208 424 772
1229 386 1414 424 umbrata
1431 394 1575 436 flerunt
1594 390 1703 427 civili
1723 397 1810 429 tem-

181 459 286 497 pora
305 460 468 496 quercu:
489 447 552 485 for
567 448 601 485 it
619 449 750 486 would
766 448 815 486 be
831 449 1071 487 far-fetched
1087 453 1130 487 to
1146 462 1315 499 suppose
1331 450 1423 486 that
1438 451 1508 488 the
1524 464 1658 490 crown
1673 466 1724 491 on
1741 455 1809 492 the

186 509 290 547 head
311 510 462 548 shaded
482 511 553 549 the
572 510 670 551 face.
797 511 872 550 914
897 511 962 549 Ex
988 526 1054 549 an.
1084 518 1130 549 ut
1156 512 1251 550 dica
1281 523 1323 549 IV
1352 513 1455 550 1195
1470 514 1580 563 facit
1605 529 1650 554 ea·
1675 518 1809 555 animo

185 587 316 624 saepe3
337 574 423 612 Ter.
447 587 536 612 eun.
564 574 638 613 175
666 575 830 613 Utinam
849 576 951 613 istuc
973 576 1131 614 verbum
1150 589 1196 613 ea·
1215 576 1352 614 animo
1372 590 1418 614 ac
1444 591 1528 615 vere
1547 578 1709 628 diceres,
1733 580 1807 619 179

185 637 271 687 qu
300 651 382 675 non
411 651 456 676 ex
484 639 617 676 animo
646 639 793 676 ‘misera
822 639 908 676 dico
923 653 932 686 ;
963 639 1053 677 Sen.
1086 639 1201 689 epist.
1236 639 1286 678 78
1320 639 1368 677 19
1397 640 1488 678 risit
1516 647 1551 679 et
1578 643 1736 691 quidem
1764 657 1809 681 ex

185 701 320 740 animo
328 715 338 749 ;
360 701 507 739 Catull.
534 702 609 739 109
633 702 656 739 4
679 702 726 740 id
735 702 880 740 sincere
899 702 1004 739 dicat
1019 708 1053 739 et
1066 715 1111 739 ea
1125 702 1269 741 anime.
1329 702 1454 740 brevis
1469 707 1542 741 cet.
1557 718 1564 742 ε
1580 704 1752 755 Amphis
1765 706 1808 743 in

185 766 338 805 Athen.
362 778 441 804 VIII
465 768 542 805 336
565 767 597 805 C
618 769 714 806 Πῖνε
732 769 854 815 παῖζε·
878 766 1013 817 θνητός
1033 766 1055 805 ὁ
1073 767 1170 816 βίος,
1188 767 1322 820 ὀλίγος
1341 767 1432 806 ούπὶ
1450 770 1521 821 γῆς
1535 769 1688 820 χρόνος;
1710 785 1808 821 6οΡ6

186 831 236 869 37
260 830 368 868 Pone
386 844 541 869 ‘merum
560 837 593 869 et
617 831 738 876 talos;
752 837 885 880 pereat
905 830 977 880 qui
998 830 1174 868 crastina
1194 831 1334 869 curat!
1381 831 1493 870 Alsors
1513 846 1651 871 aurem
1671 834 1808 872 vellens

187 896 323 933 ‘vivite
338 897 346 913 '
366 895 427 933 ait
448 899 457 916 ‘
472 895 584 933 venio
597 895 618 934 '.
723 895 797 932 915
806 894 941 944 fuerit
963 895 1034 931 has
1055 895 1108 931 its
1130 894 1385 932 well-known
1404 895 1530 934 force:
1550 897 1641 935 Sive
1660 898 1808 936 erimus

183 971 252 997 seu
278 972 348 996 nos
361 957 461 1008 ficta
474 957 611 1008 fuisse
638 957 776 996 velint:
804 957 931 995 found
959 957 1123 1008 already
1143 958 1187 994 in
1215 958 1350 997 Plaut.
1378 964 1480 1009 capt.
1507 960 1584 998 516
1605 974 1664 999 me
1672 961 1807 1010 fuisse

182 1035 303 1072 quam
323 1035 397 1060 esse
417 1021 542 1059 nimio
561 1021 751 1058 mavelim.
867 1021 941 1058 91¹7
963 1027 1100 1058 torres:
1123 1020 1242 1060 Lach.
1267 1026 1408 1072 quotes
1428 1022 1531 1061 from
1552 1024 1621 1062 the
1640 1025 1802 1075 glossar.

183 1085 327 1136 Cyrilli
347 1083 549 1135 οἷπόκαυμα
568 1084 752 1122 ustilaeio
771 1090 892 1121 torres
900 1098 910 1131 ;
930 1084 1010 1121 and
1031 1084 1094 1121 for
1121 1085 1190 1122 the
1216 1085 1318 1123 form
1347 1099 1550 1136 compares
1578 1087 1678 1126 labes
1705 1089 1807 1127 tubes

178 1149 303 1199 pubes
332 1154 406 1187 cet.
522 1149 598 1186 918
627 1148 748 1185 aliae:
776 1147 859 1184 this
884 1161 973 1198 gen.
1004 1148 1037 1184 is
1064 1147 1191 1185 found
1219 1162 1319 1186 even
1346 1149 1389 1186 in
1416 1150 1497 1188 Cic.
1528 1151 1576 1188 de
1597 1151 1675 1188 div.
1700 1163 1731 1189 11
1754 1153 1805 1190 30

181 1212 285 1250 aliae
299 1212 467 1262 pecudis
485 1212 595 1250 iecur
614 1212 792 1249 nitidum
812 1218 928 1261 atque
948 1211 1114 1261 plenum
1133 1218 1194 1259 est,
1218 1213 1321 1250 aliae
1337 1213 1546 1251 horridum
1561 1221 1678 1264 atque
1693 1216 1803 1254 eaeile:

180 1278 240 1315 rei
266 1275 474 1327 monosyll.
505 1288 550 1313 as
577 1286 619 1313 IV
647 1276 725 1312 885
752 1275 864 1313 illius
890 1276 950 1312 rei
978 1281 1127 1313 constat
1154 1276 1302 1325 imaqo:
1332 1290 1396 1315 see
1422 1291 1459 1314 n.
1493 1282 1535 1315 to
1565 1290 1580 1316 1
1611 1279 1700 1317 688.
1734 1277 1803 1332 [In

181 1339 286 1390 Livy
307 1351 409 1377 xxlv
439 1337 489 1377 27
518 1339 541 1375 8
569 1338 624 1375 all
651 1351 740 1375 mss.
771 1338 874 1376 have
900 1338 1006 1376 aliae
1028 1339 1179 1388 partis:
1210 1340 1285 1377 but
1314 1353 1379 1378 see
1409 1340 1609 1395 Madvig]
1667 1342 1798 1380 Plaut.

181 1403 295 1441 miles
317 1403 395 1440 802
416 1402 489 1439 has
504 1402 576 1440 the
592 1402 674 1440 dat.
695 1402 775 1448 Qui
789 1402 871 1440 nisi
885 1402 1082 1440 adulterio
1098 1403 1299 1441 studiosus
1313 1404 1371 1442 rei
1389 1405 1498 1442 nulli
1516 1405 1656 1443 aliaest
1670 1407 1804 1456 inpro-

180 1467 263 1515 bus,
294 1466 427 1504 where
456 1465 619 1503 Ritschl
648 1470 791 1516 quotes
815 1465 967 1503 Paulus
992 1466 1025 1503 F
1027 1470 1099 1504 est.
1129 1480 1165 1517 p.
1195 1468 1244 1505 27
1273 1468 1393 1505 ‘aliae
1419 1469 1478 1505 rei
1502 1469 1608 1506 dixit
1633 1469 1802 1507 Plautus

180 1543 253 1581 pro
282 1543 328 1568 eo
357 1529 463 1580 quod
493 1533 554 1566 est
583 1528 658 1566 alii
686 1529 792 1568 rei’:
827 1529 981 1575 alterae,
1013 1543 1100 1579 gen.
1133 1531 1213 1567 and
1247 1531 1344 1577 dat„
1376 1544 1513 1569 occurs
1542 1532 1585 1570 in
1615 1533 1799 1573 Terence.

180 1594 254 1633 921
276 1593 353 1632 922
375 1593 426 1631 he
445 1593 718 1630 accumulates
738 1592 868 1631 words
884 1597 928 1631 to
943 1606 1106 1643 express
1121 1593 1211 1632 how
1228 1595 1382 1646 utterly
1397 1595 1630 1634 indifferent
1645 1597 1679 1634 it
1694 1601 1802 1635 must

182 1657 232 1695 be
251 1661 295 1694 to
314 1669 372 1694 us.
500 1655 574 1694 923
595 1656 671 1693 924
692 1668 756 1693 see
776 1669 813 1693 n.
837 1660 881 1693 to
902 1656 980 1693 860
1000 1670 1167 1706 vayeque
1188 1662 1264 1695 cet.
1393 1659 1468 1696 925
1489 1666 1687 1709 correptus
1707 1665 1800 1698 cet:

183 1720 258 1758 163
290 1719 493 1770 Corripere
522 1733 568 1758 ex
595 1732 728 1757 somno
757 1733 903 1769 corpus.
1032 1720 1107 1758 928
1134 1720 1322 1759 disiectus
1353 1735 1479 1759 seems
1505 1726 1548 1760 to
1576 1724 1624 1760 be
1650 1737 1674 1760 a
1701 1722 1802 1770 ἅπαξ

180 1782 311 1837 λεγόμ.
432 1783 506 1821 929
529 1782 813 1833 Consequitur:
834 1788 977 1821 auctor
995 1784 1045 1822 ad
1067 1784 1217 1822 Heren.
1244 1796 1275 1822 11
1298 1785 1349 1824 27
1371 1786 1551 1836 consequi
1570 1787 1734 1834 videtur,
1758 1794 1801 1825 ut

183 1849 406 1895 doceamu33
428 1847 509 1885 Cic.
532 1846 583 1885 de
602 1852 703 1885 orat.
728 1859 777 1885 111
800 1848 823 1886 6
843 1849 1100 1898 sudoremque
1119 1849 1291 1887 multum
1310 1856 1555 1888 consecutum
1574 1864 1649 1889 esse
1668 1852 1801 1890 audie-

179 1912 317 1951 bamus
325 1925 336 1960 3
356 1911 408 1948 ad
429 1911 474 1957 Q.
497 1911 613 1949 fratr.
638 1923 669 1949 11
692 1912 714 1949 6
738 1913 760 1949 5
782 1912 827 1950 in
846 1927 931 1950 eam
959 1913 1136 1950 tabulam
1154 1913 1295 1962 maqni
1314 1914 1424 1951 risus
1444 1915 1776 1964 consequebantur
1786 1930 1797 1964 3

179 1975 230 2014 de
248 1975 314 2013 fin.
340 1986 382 2012 1v
405 1974 454 2011 29
476 1973 698 2012 obscuratio
718 1977 987 2025 consequitur:
1013 1976 1134 2014 ‘idem
1155 1981 1217 2014 est
1236 1976 1321 2014 fere
1340 1980 1461 2027 atque
1477 1978 1620 2015 accidit
1636 1979 1798 2028 sivefit'

178 2039 359 2090 Madvig.
500 2038 574 2076 leto
594 2038 763 2078 abl.=in
782 2040 875 2087 leto,
898 2041 940 2077 in
961 2046 1109 2080 morte:
1139 2055 1242 2091 corp.
1272 2042 1389 2079 inser.
1420 2053 1434 2079 1
1465 2043 1567 2080 1009
1595 2043 1618 2081 l.
1653 2043 1700 2082 17
1728 2044 1800 2082 leto

179 2110 325 2152 tacent3
341 2103 446 2141 Aen.
464 2114 542 2140 VIII
560 2103 638 2140 566
655 2103 728 2141 leto
743 2105 979 2142 sternendus
993 2111 1078 2143 erat
1085 2119 1096 2154 3
1117 2117 1161 2143 IX
1183 2105 1260 2143 433
1291 2105 1469 2144 Volvitur
1483 2105 1695 2156 Euryalus
1714 2107 1794 2145 leto.

177 2167 402 2218 eaperqitus
420 2179 559 2204 occurs
578 2167 698 2205 twice
717 2168 759 2205 in
782 2169 945 2207 Fronto.
1093 2169 1168 2207 930
1188 2182 1311 2219 comp.
1336 2168 1417 2206 Cic.
1441 2169 1554 2208 Tusc.
1578 2181 1592 2207 1
1615 2171 1664 2208 92
1685 2170 1799 2209 habes

177 2244 362 2268 somnum
380 2229 601 2278 imaqinem
619 2231 759 2268 mortis
785 2245 946 2280 eamque
972 2232 1114 2270 cotidie
1133 2232 1286 2277 induis,
1308 2238 1343 2270 et
1362 2232 1521 2270 dubitas
1540 2233 1644 2282 quin
1663 2247 1799 2271 sensus

176 2293 224 2331 in
250 2299 371 2330 morte
397 2292 540 2330 nullus
565 2293 629 2340 sit,
657 2307 749 2330 cum
775 2294 823 2331 in
843 2294 929 2331 eius
948 2295 1165 2333 simulacro
1184 2296 1318 2333 videas
1338 2309 1413 2333 esse
1433 2296 1597 2333 nullum
1616 2299 1799 2335 sensum?

177 2369 294 2405 quem
320 2355 434 2393 semel
462 2361 516 2393 est
547 2362 701 2395 secuta:
734 2356 807 2396 OV.
837 2361 928 2395 met.
964 2369 996 2395 11
1026 2358 1100 2396 611
1133 2358 1290 2408 Corpus
1319 2359 1443 2396 inane
1473 2360 1634 2397 animae
1651 2360 1799 2410 friqus

177 2418 288 2456 letale
316 2424 492 2456 secutum
517 2425 593 2467 est3
620 2418 771 2458 Colum.
803 2432 866 2457 VII
893 2422 918 2457 4
947 2421 969 2458 2
999 2421 1127 2459 clades
1146 2421 1327 2471 sequitur
1343 2435 1515 2471 qreqem:
1540 2423 1715 2472 ‘saepius
1736 2437 1797 2461 res

177 2481 288 2531 sequi
314 2485 386 2518 aut
412 2481 596 2530 consequi
621 2481 799 2531 aliquem
824 2483 985 2532 dicitur,
1008 2484 1078 2522 ubi
1106 2484 1346 2522 recentiores
1372 2489 1445 2522 aut
1471 2485 1656 2523 absolute
1685 2487 1797 2537 sequi

177 2557 265 2582 eam
299 2544 480 2582 dicerent
511 2548 583 2581 aut
615 2545 790 2596 aliquem
824 2546 868 2583 in
899 2559 986 2584 eam
1018 2547 1210 2584 incidere'
1241 2546 1378 2585 Madv.
1415 2548 1465 2585 de
1495 2548 1562 2586 fin.
1597 2559 1612 2586 1
1647 2548 1716 2587 32:
1746 2550 1797 2587 he

98 2612 106 2617 ”
177 2607 276 2645 61165
296 2607 410 2646 Τ1156.
431 2618 462 2644 11
481 2607 531 2644 28
547 2607 640 2657 quis
654 2608 786 2657 iqitur
801 2609 1032 2659 Epicurum
1045 2611 1227 2659 sequitur
1240 2610 1370 2659 dolor3
1390 2610 1486 2650 Sall.
1502 2615 1602 2650 orat.
1618 2611 1796 2663 Philippi

178 2670 201 2709 9
221 2670 346 2708 malos
358 2670 545 2720 praemia
563 2678 799 2720 sequuntur.

259 2734 485 2774 931-9'7'7:
512 2733 546 2771 if
572 2739 719 2772 nature
744 2748 850 2773 were
878 2740 923 2774 130
949 2749 1019 2786 say
1039 2740 1082 2773 to
1109 2749 1187 2786 you
1214 2749 1260 2774 or
1284 2750 1348 2775 me
1379 2737 1487 2788 ‘why
1513 2738 1666 2775 lament
1693 2752 1796 2789 your

175 2795 320 2835 death'l
339 2796 373 2834 if
392 2810 494 2847 your
515 2796 586 2834 life
606 2798 678 2834 has
698 2797 800 2836 been
819 2812 843 2835 a
863 2799 1049 2848 pleasant
1068 2811 1154 2846 one,
1177 2799 1269 2850 why
1289 2804 1362 2837 not
1381 2813 1431 2850 go
1450 2804 1494 2838 to
1513 2805 1596 2838 rest
1616 2801 1793 2840 satisfied

175 2859 277 2897 with
306 2859 376 2897 the
402 2859 529 2897 feast?
548 2859 582 2897 if
600 2860 672 2898 the
693 2865 894 2912 contrary,
918 2861 1011 2911 why
1030 2865 1104 2899 not
1123 2861 1201 2899 end
1220 2875 1322 2912 your
1342 2863 1544 2901 troubles?
1565 2863 1629 2901 for
1648 2864 1671 2901 I
1690 2864 1793 2903 have

175 2922 349 2972 nothing
373 2935 463 2960 new
489 2926 534 2961 to
559 2923 652 2973 give
677 2936 768 2974 you,
791 2924 825 2961 if
843 2937 922 2974 you
944 2936 1048 2961 were
1073 2927 1117 2961 to
1137 2924 1216 2962 live
1235 2924 1299 2962 for
1317 2925 1428 2963 ever'
1440 2939 1448 2963 :
1467 2938 1528 2963 we
1546 2930 1656 2963 must
1674 2927 1792 2965 allow

176 2989 248 3026 her
266 2986 397 3024 words
416 2991 460 3025 to
479 2988 529 3025 be
548 2992 657 3027 true:
677 2988 711 3025 if
730 3002 782 3025 an
802 2988 869 3026 old
888 3001 982 3025 man
1001 3001 1105 3026 were
1124 2993 1168 3026 to
1187 2989 1357 3027 bemoan
1376 2990 1546 3037 himself,
1570 2990 1701 3027 would
1721 2991 1791 3029 she
