<?xml version="1.0" encoding="UTF-8"?>
<!DOCTYPE html PUBLIC "-//W3C//DTD XHTML 1.0 Transitional//EN"
    "http://www.w3.org/TR/xhtml1/DTD/xhtml1-transitional.dtd">
<html xmlns="http://www.w3.org/1999/xhtml" xml:lang="en" lang="en">
 <head>
  <title>
</title>
<meta http-equiv="Content-Type" content="text/html;charset=utf-8" />
  <meta name='ocr-system' content='tesseract 3.04.00' />
  <meta name='ocr-capabilities' content='ocr_page ocr_carea ocr_par ocr_line ocrx_word'/>
</head>
<body>
  <div class='ocr_page' id='page_1' title='image "./lucreticariderer02lucruoft_0221.png"; bbox 0 0 1987 3267; ppageno 0'>
   <div class='ocr_carea' id='block_1_1' title="bbox 732 162 1780 208">
    <p class='ocr_par' dir='ltr' id='par_1_1' title="bbox 732 162 1780 208">
     <span class='ocr_line' id='line_1_1' title="bbox 732 162 1780 208; baseline 0.002 -15"><span class='ocrx_word' id='word_1_1' title='bbox 732 162 855 194; x_wconf 88' lang='lat' dir='ltr'>BOOK</span> <span class='ocrx_word' id='word_1_2' title='bbox 886 162 941 193; x_wconf 84' lang='lat'><em>111</em></span> <span class='ocrx_word' id='word_1_3' title='bbox 1001 163 1145 194; x_wconf 88' lang='lat' dir='ltr'>NOTES</span> <span class='ocrx_word' id='word_1_4' title='bbox 1176 164 1211 194; x_wconf 93' lang='lat' dir='ltr'><em>II</em></span> <span class='ocrx_word' id='word_1_5' title='bbox 1699 166 1780 208; x_wconf 85' lang='lat'><em>213</em></span> 
     </span>
    </p>
   </div>
   <div class='ocr_carea' id='block_1_2' title="bbox 133 252 1790 3041">
    <p class='ocr_par' dir='ltr' id='par_1_2' title="bbox 133 252 1790 3041">
     <span class='ocr_line' id='line_1_2' title="bbox 166 252 1784 316; baseline -0.001 -12"><span class='ocrx_word' id='word_1_6' title='bbox 166 266 286 305; x_wconf 86' lang='lat' dir='ltr'><em>assail</em></span> <span class='ocrx_word' id='word_1_7' title='bbox 308 265 416 316; x_wconf 85' lang='lat' dir='ltr'><em>Epic.</em></span> <span class='ocrx_word' id='word_1_8' title='bbox 440 264 521 303; x_wconf 87' lang='lat' dir='ltr'><em>and</em></span> <span class='ocrx_word' id='word_1_9' title='bbox 541 264 657 302; x_wconf 84' lang='lat' dir='ltr'><em>Luer.</em></span> <span class='ocrx_word' id='word_1_10' title='bbox 680 265 779 302; x_wconf 88' lang='lat' dir='ltr'><em>with</em></span> <span class='ocrx_word' id='word_1_11' title='bbox 809 264 879 302; x_wconf 91' lang='lat' dir='ltr'><em>the</em></span> <span class='ocrx_word' id='word_1_12' title='bbox 903 264 1031 302; x_wconf 90' lang='lat' dir='ltr'><em>‘Mors</em></span> <span class='ocrx_word' id='word_1_13' title='bbox 1057 264 1202 301; x_wconf 87' lang='lat' dir='ltr'><em>misera</em></span> <span class='ocrx_word' id='word_1_14' title='bbox 1227 277 1310 302; x_wconf 90' lang='lat' dir='ltr'><em>non</em></span> <span class='ocrx_word' id='word_1_15' title='bbox 1333 252 1414 302; x_wconf 74' lang='lat' dir='ltr'><em>est:</em></span> <span class='ocrx_word' id='word_1_16' title='bbox 1444 263 1579 302; x_wconf 85' lang='lat' dir='ltr'><em>aditus</em></span> <span class='ocrx_word' id='word_1_17' title='bbox 1605 264 1657 302; x_wconf 86' lang='lat' dir='ltr'><em>ad</em></span> <span class='ocrx_word' id='word_1_18' title='bbox 1685 278 1784 303; x_wconf 86' lang='lat' dir='ltr'><em>mor-</em></span> 
     </span>
     <span class='ocr_line' id='line_1_3' title="bbox 166 327 1785 376; baseline -0.001 -9"><span class='ocrx_word' id='word_1_19' title='bbox 166 332 291 368; x_wconf 87' lang='lat' dir='ltr'><em>temst</em></span> <span class='ocrx_word' id='word_1_20' title='bbox 309 329 430 366; x_wconf 85' lang='lat' dir='ltr'><em>miser</em></span> <span class='ocrx_word' id='word_1_21' title='bbox 442 329 450 345; x_wconf 91' lang='lat'><em>&#39;</em></span> <span class='ocrx_word' id='word_1_22' title='bbox 466 341 477 376; x_wconf 81' lang='lat'>3</span> <span class='ocrx_word' id='word_1_23' title='bbox 507 328 582 366; x_wconf 91' lang='lat' dir='ltr'><em>but</em></span> <span class='ocrx_word' id='word_1_24' title='bbox 602 327 761 365; x_wconf 90' lang='lat' dir='ltr'><em>neither</em></span> <span class='ocrx_word' id='word_1_25' title='bbox 779 332 905 366; x_wconf 88' lang='lat' dir='ltr'><em>meets</em></span> <span class='ocrx_word' id='word_1_26' title='bbox 924 327 1034 366; x_wconf 88' lang='lat' dir='ltr'><em>them</em></span> <span class='ocrx_word' id='word_1_27' title='bbox 1056 341 1109 366; x_wconf 93' lang='lat' dir='ltr'><em>on</em></span> <span class='ocrx_word' id='word_1_28' title='bbox 1124 327 1231 365; x_wconf 87' lang='lat' dir='ltr'><em>their</em></span> <span class='ocrx_word' id='word_1_29' title='bbox 1245 340 1335 365; x_wconf 88' lang='lat' dir='ltr'><em>own</em></span> <span class='ocrx_word' id='word_1_30' title='bbox 1351 327 1518 376; x_wconf 84' lang='lat' dir='ltr'>ground.</span> <span class='ocrx_word' id='word_1_31' title='bbox 1605 329 1681 367; x_wconf 89' lang='lat'><em>830</em></span> <span class='ocrx_word' id='word_1_32' title='bbox 1710 328 1756 366; x_wconf 87' lang='lat' dir='ltr'><em>N</em></span> <span class='ocrx_word' id='word_1_33' title='bbox 1753 329 1785 366; x_wconf 75' lang='lat' dir='ltr'><em>il</em></span> 
     </span>
     <span class='ocr_line' id='line_1_4' title="bbox 167 390 1785 440; baseline 0 -10"><span class='ocrx_word' id='word_1_34' title='bbox 167 398 220 430; x_wconf 71' lang='lat' dir='ltr'><em>est</em></span> <span class='ocrx_word' id='word_1_35' title='bbox 239 391 295 429; x_wconf 80' lang='lat' dir='ltr'><em>ad</em></span> <span class='ocrx_word' id='word_1_36' title='bbox 311 404 405 430; x_wconf 84' lang='lat' dir='ltr'><em>nos:</em></span> <span class='ocrx_word' id='word_1_37' title='bbox 435 391 513 429; x_wconf 83' lang='lat'><em>845</em></span> <span class='ocrx_word' id='word_1_38' title='bbox 535 390 608 429; x_wconf 78' lang='lat' dir='ltr'><em>Nil</em></span> <span class='ocrx_word' id='word_1_39' title='bbox 626 398 754 430; x_wconf 73' lang='lat' dir='ltr'><em>tamen</em></span> <span class='ocrx_word' id='word_1_40' title='bbox 775 397 827 430; x_wconf 71' lang='lat' dir='ltr'><em>est</em></span> <span class='ocrx_word' id='word_1_41' title='bbox 846 391 902 429; x_wconf 77' lang='lat' dir='ltr'><em>ad</em></span> <span class='ocrx_word' id='word_1_42' title='bbox 925 405 1020 439; x_wconf 82' lang='lat' dir='ltr'><em>nos3</em></span> <span class='ocrx_word' id='word_1_43' title='bbox 1050 391 1128 429; x_wconf 83' lang='grc'><em>926</em></span> <span class='ocrx_word' id='word_1_44' title='bbox 1158 391 1288 428; x_wconf 64' lang='grc' dir='ltr'><strong>1111ιῖιο</strong></span> <span class='ocrx_word' id='word_1_45' title='bbox 1310 391 1439 440; x_wconf 70' lang='lat' dir='ltr'><em>iyicur</em></span> <span class='ocrx_word' id='word_1_46' title='bbox 1464 397 1625 429; x_wconf 72' lang='lat' dir='ltr'><em>mortem</em></span> <span class='ocrx_word' id='word_1_47' title='bbox 1649 392 1785 430; x_wconf 79' lang='lat' dir='ltr'><em>minus</em></span> 
     </span>
     <span class='ocr_line' id='line_1_5' title="bbox 166 453 1784 504; baseline -0.001 -11"><span class='ocrx_word' id='word_1_48' title='bbox 166 454 223 493; x_wconf 81' lang='lat' dir='ltr'><em>ad</em></span> <span class='ocrx_word' id='word_1_49' title='bbox 245 467 317 492; x_wconf 79' lang='lat' dir='ltr'><em>nos</em></span> <span class='ocrx_word' id='word_1_50' title='bbox 335 467 409 493; x_wconf 81' lang='lat' dir='ltr'><em>esse</em></span> <span class='ocrx_word' id='word_1_51' title='bbox 433 454 662 504; x_wconf 71' lang='lat' dir='ltr'><em>putandum</em></span> <span class='ocrx_word' id='word_1_52' title='bbox 685 460 737 492; x_wconf 73' lang='lat' dir='ltr'><em>est</em></span> <span class='ocrx_word' id='word_1_53' title='bbox 751 467 762 502; x_wconf 91' lang='lat'>;</span> <span class='ocrx_word' id='word_1_54' title='bbox 792 454 869 492; x_wconf 85' lang='lat'><em>972</em></span> <span class='ocrx_word' id='word_1_55' title='bbox 900 454 1060 504; x_wconf 78' lang='lat' dir='ltr'><em>Respice</em></span> <span class='ocrx_word' id='word_1_56' title='bbox 1087 454 1180 492; x_wconf 75' lang='lat' dir='ltr'><em>item</em></span> <span class='ocrx_word' id='word_1_57' title='bbox 1202 467 1323 503; x_wconf 78' lang='lat' dir='ltr'><em>quarn</em></span> <span class='ocrx_word' id='word_1_58' title='bbox 1348 453 1412 491; x_wconf 79' lang='lat' dir='ltr'><em>nil</em></span> <span class='ocrx_word' id='word_1_59' title='bbox 1436 453 1493 491; x_wconf 82' lang='lat' dir='ltr'><em>ad</em></span> <span class='ocrx_word' id='word_1_60' title='bbox 1515 467 1585 491; x_wconf 83' lang='lat' dir='ltr'><em>nos</em></span> <span class='ocrx_word' id='word_1_61' title='bbox 1608 460 1784 492; x_wconf 72' lang='lat' dir='ltr'><em>anteacta</em></span> 
     </span>
     <span class='ocr_line' id='line_1_6' title="bbox 133 514 1781 567; baseline -0.001 -12"><span class='ocrx_word' id='word_1_62' title='bbox 133 529 136 532; x_wconf 73' lang='grc'>’</span> <span class='ocrx_word' id='word_1_63' title='bbox 165 523 356 557; x_wconf 73' lang='lat' dir='ltr'><em>vetustas.</em></span> <span class='ocrx_word' id='word_1_64' title='bbox 373 547 380 556; x_wconf 89' lang='lat'>.</span> <span class='ocrx_word' id='word_1_65' title='bbox 384 516 543 567; x_wconf 81' lang='lat' dir='ltr'><em>fuerit:</em></span> <span class='ocrx_word' id='word_1_66' title='bbox 575 517 690 555; x_wconf 86' lang='lat' dir='ltr'><em>Lucr.</em></span> <span class='ocrx_word' id='word_1_67' title='bbox 714 517 748 554; x_wconf 89' lang='lat' dir='ltr'><em>is</em></span> <span class='ocrx_word' id='word_1_68' title='bbox 771 517 882 566; x_wconf 86' lang='lat' dir='ltr'>prob.</span> <span class='ocrx_word' id='word_1_69' title='bbox 911 516 1159 566; x_wconf 81' lang='lat' dir='ltr'><em>translating</em></span> <span class='ocrx_word' id='word_1_70' title='bbox 1187 515 1396 565; x_wconf 81' lang='lat' dir='ltr'><em>Epicurus&#39;</em></span> <span class='ocrx_word' id='word_1_71' title='bbox 1422 514 1524 553; x_wconf 83' lang='grc' dir='ltr'>οὐδὲν</span> <span class='ocrx_word' id='word_1_72' title='bbox 1549 514 1644 564; x_wconf 83' lang='grc' dir='ltr'>πρὸς</span> <span class='ocrx_word' id='word_1_73' title='bbox 1671 515 1781 566; x_wconf 75' lang='grc' dir='ltr'>ἡμᾶς.</span> 
     </span>
     <span class='ocr_line' id='line_1_7' title="bbox 167 579 1787 631; baseline 0 -13"><span class='ocrx_word' id='word_1_74' title='bbox 167 580 271 619; x_wconf 89' lang='lat' dir='ltr'><em>Plin.</em></span> <span class='ocrx_word' id='word_1_75' title='bbox 294 581 408 631; x_wconf 86' lang='lat' dir='ltr'><em>epist.</em></span> <span class='ocrx_word' id='word_1_76' title='bbox 431 592 490 618; x_wconf 84' lang='lat' dir='ltr'><em>vn</em></span> <span class='ocrx_word' id='word_1_77' title='bbox 514 581 560 619; x_wconf 88' lang='lat'><em>17</em></span> <span class='ocrx_word' id='word_1_78' title='bbox 582 580 630 618; x_wconf 84' lang='lat'><em>12</em></span> <span class='ocrx_word' id='word_1_79' title='bbox 651 586 748 618; x_wconf 80' lang='lat' dir='ltr'><em>recte</em></span> <span class='ocrx_word' id='word_1_80' title='bbox 767 593 822 617; x_wconf 83' lang='lat' dir='ltr'><em>an</em></span> <span class='ocrx_word' id='word_1_81' title='bbox 840 593 956 626; x_wconf 82' lang='lat' dir='ltr'><em>secus,</em></span> <span class='ocrx_word' id='word_1_82' title='bbox 979 579 1089 617; x_wconf 76' lang='lat' dir='ltr'><em>nihil</em></span> <span class='ocrx_word' id='word_1_83' title='bbox 1105 580 1161 617; x_wconf 83' lang='lat' dir='ltr'><em>ad</em></span> <span class='ocrx_word' id='word_1_84' title='bbox 1177 593 1256 628; x_wconf 83' lang='lat' dir='ltr'><em>me3</em></span> <span class='ocrx_word' id='word_1_85' title='bbox 1285 592 1426 629; x_wconf 83' lang='lat' dir='ltr'>paneg.</span> <span class='ocrx_word' id='word_1_86' title='bbox 1450 579 1497 616; x_wconf 88' lang='lat'><em>31</em></span> <span class='ocrx_word' id='word_1_87' title='bbox 1521 579 1628 617; x_wconf 74' lang='lat' dir='ltr'><em>nihil</em></span> <span class='ocrx_word' id='word_1_88' title='bbox 1644 579 1713 617; x_wconf 81' lang='grc' dir='ltr'><strong><em>Ιιοο</em></strong></span> <span class='ocrx_word' id='word_1_89' title='bbox 1732 580 1787 618; x_wconf 79' lang='lat' dir='ltr'><em>ad</em></span> 
     </span>
     <span class='ocr_line' id='line_1_8' title="bbox 165 642 1786 693; baseline 0 -12"><span class='ocrx_word' id='word_1_90' title='bbox 165 643 299 682; x_wconf 83' lang='lat' dir='ltr'><em>urbem</em></span> <span class='ocrx_word' id='word_1_91' title='bbox 326 657 372 683; x_wconf 82' lang='lat' dir='ltr'><em>ac</em></span> <span class='ocrx_word' id='word_1_92' title='bbox 400 657 448 682; x_wconf 88' lang='lat' dir='ltr'><em>ne</em></span> <span class='ocrx_word' id='word_1_93' title='bbox 475 643 532 682; x_wconf 83' lang='lat' dir='ltr'><em>ad</em></span> <span class='ocrx_word' id='word_1_94' title='bbox 557 645 778 693; x_wconf 69' lang='lat' dir='ltr'><em>Aeyyptum</em></span> <span class='ocrx_word' id='word_1_95' title='bbox 800 643 979 692; x_wconf 78' lang='lat' dir='ltr'><em>quidem3</em></span> <span class='ocrx_word' id='word_1_96' title='bbox 1008 642 1082 682; x_wconf 90' lang='lat' dir='ltr'><em>Ov.</em></span> <span class='ocrx_word' id='word_1_97' title='bbox 1105 643 1211 681; x_wconf 83' lang='lat' dir='ltr'><em>trist.</em></span> <span class='ocrx_word' id='word_1_98' title='bbox 1234 654 1266 680; x_wconf 91' lang='lat'><em>11</em></span> <span class='ocrx_word' id='word_1_99' title='bbox 1291 642 1368 681; x_wconf 83' lang='lat'><em>472</em></span> <span class='ocrx_word' id='word_1_100' title='bbox 1390 642 1476 680; x_wconf 89' lang='lat' dir='ltr'><em>Hoc</em></span> <span class='ocrx_word' id='word_1_101' title='bbox 1494 649 1547 680; x_wconf 75' lang='lat' dir='ltr'><em>est</em></span> <span class='ocrx_word' id='word_1_102' title='bbox 1566 643 1621 681; x_wconf 80' lang='lat' dir='ltr'><em>ad</em></span> <span class='ocrx_word' id='word_1_103' title='bbox 1637 649 1786 682; x_wconf 76' lang='lat' dir='ltr'><em>nostros</em></span> 
     </span>
     <span class='ocr_line' id='line_1_9' title="bbox 165 705 1786 755; baseline -0.002 -9"><span class='ocrx_word' id='word_1_104' title='bbox 165 720 247 746; x_wconf 88' lang='lat' dir='ltr'><em>non</em></span> <span class='ocrx_word' id='word_1_105' title='bbox 266 707 340 746; x_wconf 78' lang='lat' dir='ltr'><em>leve</em></span> <span class='ocrx_word' id='word_1_106' title='bbox 359 708 508 745; x_wconf 87' lang='lat' dir='ltr'><em>crimen</em></span> <span class='ocrx_word' id='word_1_107' title='bbox 527 721 618 745; x_wconf 75' lang='lat' dir='ltr'><em>avos</em></span> <span class='ocrx_word' id='word_1_108' title='bbox 632 721 642 755; x_wconf 80' lang='lat'>3</span> <span class='ocrx_word' id='word_1_109' title='bbox 663 707 741 744; x_wconf 82' lang='lat' dir='ltr'><em>Cic.</em></span> <span class='ocrx_word' id='word_1_110' title='bbox 764 706 814 744; x_wconf 91' lang='lat' dir='ltr'><em>de</em></span> <span class='ocrx_word' id='word_1_111' title='bbox 833 706 900 743; x_wconf 88' lang='lat' dir='ltr'><em>fin.</em></span> <span class='ocrx_word' id='word_1_112' title='bbox 924 717 938 743; x_wconf 96' lang='lat'>1</span> <span class='ocrx_word' id='word_1_113' title='bbox 961 706 1011 743; x_wconf 84' lang='lat'><em>39</em></span> <span class='ocrx_word' id='word_1_114' title='bbox 1032 705 1139 743; x_wconf 71' lang='lat' dir='ltr'><em>nihil</em></span> <span class='ocrx_word' id='word_1_115' title='bbox 1156 705 1212 743; x_wconf 85' lang='lat' dir='ltr'><em>ad</em></span> <span class='ocrx_word' id='word_1_116' title='bbox 1230 705 1471 755; x_wconf 78' lang='lat' dir='ltr'><em>Epicurum:</em></span> <span class='ocrx_word' id='word_1_117' title='bbox 1500 705 1669 755; x_wconf 85' lang='lat' dir='ltr'>Madvig</span> <span class='ocrx_word' id='word_1_118' title='bbox 1688 706 1786 743; x_wconf 86' lang='lat' dir='ltr'><em>cites</em></span> 
     </span>
     <span class='ocr_line' id='line_1_10' title="bbox 165 767 1786 821; baseline -0.001 -13"><span class='ocrx_word' id='word_1_119' title='bbox 165 770 282 808; x_wconf 87' lang='lat' dir='ltr'><em>there</em></span> <span class='ocrx_word' id='word_1_120' title='bbox 296 770 345 808; x_wconf 86' lang='lat' dir='ltr'><em>de</em></span> <span class='ocrx_word' id='word_1_121' title='bbox 360 770 439 808; x_wconf 88' lang='lat' dir='ltr'><em>div.</em></span> <span class='ocrx_word' id='word_1_122' title='bbox 458 782 491 808; x_wconf 92' lang='lat'><em>11</em></span> <span class='ocrx_word' id='word_1_123' title='bbox 505 771 567 818; x_wconf 80' lang='lat'><em>78,</em></span> <span class='ocrx_word' id='word_1_124' title='bbox 585 770 665 807; x_wconf 90' lang='lat' dir='ltr'><em>and</em></span> <span class='ocrx_word' id='word_1_125' title='bbox 679 770 794 807; x_wconf 89' lang='lat' dir='ltr'><em>other</em></span> <span class='ocrx_word' id='word_1_126' title='bbox 806 769 1019 807; x_wconf 85' lang='lat' dir='ltr'><em>instanoes.</em></span> <span class='ocrx_word' id='word_1_127' title='bbox 1062 767 1214 821; x_wconf 84' lang='lat' dir='ltr'><em>[Comp.</em></span> <span class='ocrx_word' id='word_1_128' title='bbox 1231 768 1314 806; x_wconf 85' lang='lat' dir='ltr'><em>also</em></span> <span class='ocrx_word' id='word_1_129' title='bbox 1328 768 1408 806; x_wconf 78' lang='lat' dir='ltr'><em>Cic.</em></span> <span class='ocrx_word' id='word_1_130' title='bbox 1427 768 1470 805; x_wconf 89' lang='lat' dir='ltr'><em>in</em></span> <span class='ocrx_word' id='word_1_131' title='bbox 1483 768 1562 807; x_wconf 88' lang='lat' dir='ltr'><em>Pis.</em></span> <span class='ocrx_word' id='word_1_132' title='bbox 1580 768 1630 807; x_wconf 88' lang='grc'><em>68</em></span> <span class='ocrx_word' id='word_1_133' title='bbox 1643 775 1786 806; x_wconf 75' lang='lat' dir='ltr'><em>rectene</em></span> 
     </span>
     <span class='ocr_line' id='line_1_11' title="bbox 165 830 1787 881; baseline -0.001 -10"><span class='ocrx_word' id='word_1_134' title='bbox 165 846 222 871; x_wconf 79' lang='lat' dir='ltr'><em>an</em></span> <span class='ocrx_word' id='word_1_135' title='bbox 240 846 358 881; x_wconf 78' lang='lat' dir='ltr'><em>secus,</em></span> <span class='ocrx_word' id='word_1_136' title='bbox 374 833 482 871; x_wconf 72' lang='lat' dir='ltr'><em>nihil</em></span> <span class='ocrx_word' id='word_1_137' title='bbox 492 833 548 871; x_wconf 83' lang='lat' dir='ltr'><em>ad</em></span> <span class='ocrx_word' id='word_1_138' title='bbox 565 846 646 880; x_wconf 82' lang='lat' dir='ltr'><em>nos,</em></span> <span class='ocrx_word' id='word_1_139' title='bbox 668 838 752 878; x_wconf 77' lang='lat' dir='ltr'><em>aut,</em></span> <span class='ocrx_word' id='word_1_140' title='bbox 768 831 804 869; x_wconf 81' lang='lat' dir='ltr'><em>si</em></span> <span class='ocrx_word' id='word_1_141' title='bbox 823 831 880 869; x_wconf 83' lang='lat' dir='ltr'><em>ad</em></span> <span class='ocrx_word' id='word_1_142' title='bbox 896 844 976 878; x_wconf 81' lang='lat' dir='ltr'><em>nos,</em></span> <span class='ocrx_word' id='word_1_143' title='bbox 994 830 1102 868; x_wconf 69' lang='lat' dir='ltr'><em>nihil</em></span> <span class='ocrx_word' id='word_1_144' title='bbox 1120 831 1174 868; x_wconf 84' lang='lat' dir='ltr'><em>ad</em></span> <span class='ocrx_word' id='word_1_145' title='bbox 1192 831 1260 869; x_wconf 76' lang='lat' dir='ltr'><em>hoc</em></span> <span class='ocrx_word' id='word_1_146' title='bbox 1277 838 1436 881; x_wconf 77' lang='lat' dir='ltr'><em>tempus.</em></span> <span class='ocrx_word' id='word_1_147' title='bbox 1486 831 1566 869; x_wconf 88' lang='lat' dir='ltr'><em>For</em></span> <span class='ocrx_word' id='word_1_148' title='bbox 1580 845 1604 868; x_wconf 90' lang='lat' dir='ltr'><em>a</em></span> <span class='ocrx_word' id='word_1_149' title='bbox 1616 831 1787 869; x_wconf 84' lang='lat' dir='ltr'><em>number</em></span> 
     </span>
     <span class='ocr_line' id='line_1_12' title="bbox 165 892 1787 947; baseline -0.001 -13"><span class='ocrx_word' id='word_1_150' title='bbox 165 895 209 935; x_wconf 82' lang='lat' dir='ltr'><em>of</em></span> <span class='ocrx_word' id='word_1_151' title='bbox 228 909 316 935; x_wconf 86' lang='lat' dir='ltr'><em>exx.</em></span> <span class='ocrx_word' id='word_1_152' title='bbox 339 897 384 934; x_wconf 92' lang='lat' dir='ltr'><em>in</em></span> <span class='ocrx_word' id='word_1_153' title='bbox 404 896 543 934; x_wconf 83' lang='lat' dir='ltr'><em>Cicero</em></span> <span class='ocrx_word' id='word_1_154' title='bbox 563 909 626 934; x_wconf 88' lang='lat' dir='ltr'><em>see</em></span> <span class='ocrx_word' id='word_1_155' title='bbox 647 895 774 933; x_wconf 89' lang='lat' dir='ltr'><em>Nizol.</em></span> <span class='ocrx_word' id='word_1_156' title='bbox 798 908 834 945; x_wconf 91' lang='lat' dir='ltr'><em>p.</em></span> <span class='ocrx_word' id='word_1_157' title='bbox 860 895 908 933; x_wconf 89' lang='grc'><em>19</em></span> <span class='ocrx_word' id='word_1_158' title='bbox 930 894 1000 933; x_wconf 88' lang='lat' dir='ltr'><em>col.</em></span> <span class='ocrx_word' id='word_1_159' title='bbox 1027 892 1080 947; x_wconf 93' lang='grc'><em>1.]</em></span> <span class='ocrx_word' id='word_1_160' title='bbox 1210 895 1286 933; x_wconf 88' lang='grc'><em>831</em></span> <span class='ocrx_word' id='word_1_161' title='bbox 1315 894 1479 932; x_wconf 70' lang='lat' dir='ltr'><em>liabetur</em></span> <span class='ocrx_word' id='word_1_162' title='bbox 1497 894 1787 933; x_wconf 86' lang='lat' dir='ltr'><em>here=intelle-</em></span> 
     </span>
     <span class='ocr_line' id='line_1_13' title="bbox 166 957 1784 1011; baseline -0.001 -13"><span class='ocrx_word' id='word_1_163' title='bbox 166 960 287 1011; x_wconf 82' lang='lat' dir='ltr'><em>gitur,</em></span> <span class='ocrx_word' id='word_1_164' title='bbox 310 964 384 998; x_wconf 92' lang='lat' dir='ltr'><em>not</em></span> <span class='ocrx_word' id='word_1_165' title='bbox 402 959 547 1011; x_wconf 84' lang='lat' dir='ltr'><strong>simply</strong></span> <span class='ocrx_word' id='word_1_166' title='bbox 568 960 836 997; x_wconf 68' lang='lat' dir='ltr'><em>emistimatur:</em></span> <span class='ocrx_word' id='word_1_167' title='bbox 866 971 989 1008; x_wconf 87' lang='lat' dir='ltr'><em>comp.</em></span> <span class='ocrx_word' id='word_1_168' title='bbox 1010 969 1024 995; x_wconf 95' lang='lat'>1</span> <span class='ocrx_word' id='word_1_169' title='bbox 1041 957 1119 996; x_wconf 78' lang='lat'><em>758</em></span> <span class='ocrx_word' id='word_1_170' title='bbox 1135 958 1235 1007; x_wconf 80' lang='lat' dir='ltr'><em>quid</em></span> <span class='ocrx_word' id='word_1_171' title='bbox 1251 971 1276 995; x_wconf 76' lang='lat' dir='ltr'><em>a</em></span> <span class='ocrx_word' id='word_1_172' title='bbox 1290 971 1378 995; x_wconf 82' lang='lat' dir='ltr'><em>vero</em></span> <span class='ocrx_word' id='word_1_173' title='bbox 1393 958 1478 996; x_wconf 80' lang='lat' dir='ltr'><em>iam</em></span> <span class='ocrx_word' id='word_1_174' title='bbox 1492 958 1605 996; x_wconf 74' lang='lat' dir='ltr'><em>distet</em></span> <span class='ocrx_word' id='word_1_175' title='bbox 1620 958 1784 1006; x_wconf 71' lang='lat' dir='ltr'><em>habebis,</em></span> 
     </span>
     <span class='ocr_line' id='line_1_14' title="bbox 165 1020 1787 1072; baseline -0.001 -12"><span class='ocrx_word' id='word_1_176' title='bbox 165 1022 248 1060; x_wconf 88' lang='lat' dir='ltr'><em>and</em></span> <span class='ocrx_word' id='word_1_177' title='bbox 261 1036 298 1060; x_wconf 91' lang='lat' dir='ltr'><em>n.</em></span> <span class='ocrx_word' id='word_1_178' title='bbox 314 1023 437 1062; x_wconf 89' lang='lat' dir='ltr'><em>there.</em></span> <span class='ocrx_word' id='word_1_179' title='bbox 533 1023 609 1061; x_wconf 87' lang='lat'><em>833</em></span> <span class='ocrx_word' id='word_1_180' title='bbox 629 1034 752 1072; x_wconf 87' lang='lat' dir='ltr'><em>comp.</em></span> <span class='ocrx_word' id='word_1_181' title='bbox 769 1021 885 1059; x_wconf 83' lang='lat' dir='ltr'><em>culex</em></span> <span class='ocrx_word' id='word_1_182' title='bbox 899 1021 949 1058; x_wconf 87' lang='lat'><em>33</em></span> <span class='ocrx_word' id='word_1_183' title='bbox 966 1020 1132 1059; x_wconf 76' lang='lat' dir='ltr'><em>Graecia</em></span> <span class='ocrx_word' id='word_1_184' title='bbox 1148 1034 1238 1059; x_wconf 91' lang='lat' dir='ltr'><em>cum</em></span> <span class='ocrx_word' id='word_1_185' title='bbox 1254 1021 1389 1058; x_wconf 72' lang='lat' dir='ltr'><em>timuit</em></span> <span class='ocrx_word' id='word_1_186' title='bbox 1404 1021 1597 1059; x_wconf 77' lang='lat' dir='ltr'><em>venientes</em></span> <span class='ocrx_word' id='word_1_187' title='bbox 1609 1021 1787 1071; x_wconf 81' lang='lat' dir='ltr'><em>undique</em></span> 
     </span>
     <span class='ocr_line' id='line_1_15' title="bbox 167 1082 1787 1134; baseline -0.002 -10"><span class='ocrx_word' id='word_1_188' title='bbox 167 1086 309 1124; x_wconf 77' lang='lat' dir='ltr'><em>Persas</em></span> <span class='ocrx_word' id='word_1_189' title='bbox 317 1100 327 1134; x_wconf 75' lang='lat'>5</span> <span class='ocrx_word' id='word_1_190' title='bbox 355 1085 384 1123; x_wconf 85' lang='lat' dir='ltr'><strong>J</strong></span> <span class='ocrx_word' id='word_1_191' title='bbox 387 1099 451 1124; x_wconf 87' lang='lat' dir='ltr'><em>uv.</em></span> <span class='ocrx_word' id='word_1_192' title='bbox 476 1096 519 1123; x_wconf 87' lang='lat' dir='ltr'><em>xl</em></span> <span class='ocrx_word' id='word_1_193' title='bbox 547 1085 623 1123; x_wconf 87' lang='grc'><em>113</em></span> <span class='ocrx_word' id='word_1_194' title='bbox 648 1085 780 1122; x_wconf 74' lang='lat' dir='ltr'><em>Litore</em></span> <span class='ocrx_word' id='word_1_195' title='bbox 806 1084 854 1122; x_wconf 77' lang='lat' dir='ltr'><em>ab</em></span> <span class='ocrx_word' id='word_1_196' title='bbox 884 1096 1023 1121; x_wconf 75' lang='lat' dir='ltr'><em>oceano</em></span> <span class='ocrx_word' id='word_1_197' title='bbox 1055 1082 1183 1121; x_wconf 76' lang='lat' dir='ltr'><em>Gallis</em></span> <span class='ocrx_word' id='word_1_198' title='bbox 1211 1083 1474 1121; x_wconf 77' lang='lat' dir='ltr'><em>venientibus:</em></span> <span class='ocrx_word' id='word_1_199' title='bbox 1502 1084 1615 1121; x_wconf 81' lang='lat' dir='ltr'><em>venio</em></span> <span class='ocrx_word' id='word_1_200' title='bbox 1641 1084 1676 1121; x_wconf 86' lang='lat' dir='ltr'><em>is</em></span> <span class='ocrx_word' id='word_1_201' title='bbox 1699 1097 1787 1122; x_wconf 87' lang='lat' dir='ltr'><em>con—</em></span> 
     </span>
     <span class='ocr_line' id='line_1_16' title="bbox 166 1145 1783 1200; baseline -0.002 -12"><span class='ocrx_word' id='word_1_202' title='bbox 166 1150 342 1200; x_wconf 90' lang='lat' dir='ltr'><em>tinually</em></span> <span class='ocrx_word' id='word_1_203' title='bbox 371 1148 470 1187; x_wconf 85' lang='lat' dir='ltr'><em>used</em></span> <span class='ocrx_word' id='word_1_204' title='bbox 498 1148 552 1200; x_wconf 91' lang='lat' dir='ltr'><em>by</em></span> <span class='ocrx_word' id='word_1_205' title='bbox 579 1148 683 1199; x_wconf 90' lang='lat' dir='ltr'><em>Livy</em></span> <span class='ocrx_word' id='word_1_206' title='bbox 712 1147 776 1186; x_wconf 81' lang='lat' dir='ltr'><em>for</em></span> <span class='ocrx_word' id='word_1_207' title='bbox 801 1148 870 1185; x_wconf 86' lang='lat' dir='ltr'><em>the</em></span> <span class='ocrx_word' id='word_1_208' title='bbox 897 1147 1042 1185; x_wconf 85' lang='lat' dir='ltr'><em>hostile</em></span> <span class='ocrx_word' id='word_1_209' title='bbox 1065 1146 1245 1184; x_wconf 85' lang='lat' dir='ltr'><em>advance</em></span> <span class='ocrx_word' id='word_1_210' title='bbox 1267 1145 1310 1184; x_wconf 82' lang='lat' dir='ltr'><em>of</em></span> <span class='ocrx_word' id='word_1_211' title='bbox 1332 1146 1515 1185; x_wconf 85' lang='lat' dir='ltr'><em>soldiers:</em></span> <span class='ocrx_word' id='word_1_212' title='bbox 1545 1159 1609 1185; x_wconf 90' lang='lat' dir='ltr'><em>see</em></span> <span class='ocrx_word' id='word_1_213' title='bbox 1629 1147 1783 1185; x_wconf 90' lang='lat' dir='ltr'><em>Arnob.</em></span> 
     </span>
     <span class='ocr_line' id='line_1_17' title="bbox 166 1209 1788 1262; baseline -0.002 -12"><span class='ocrx_word' id='word_1_214' title='bbox 166 1223 228 1250; x_wconf 86' lang='lat' dir='ltr'><em>vn</em></span> <span class='ocrx_word' id='word_1_215' title='bbox 250 1213 301 1250; x_wconf 87' lang='grc'><em>50</em></span> <span class='ocrx_word' id='word_1_216' title='bbox 316 1216 360 1250; x_wconf 87' lang='lat' dir='ltr'><em>at</em></span> <span class='ocrx_word' id='word_1_217' title='bbox 375 1213 461 1262; x_wconf 90' lang='lat' dir='ltr'><em>beg.</em></span> <span class='ocrx_word' id='word_1_218' title='bbox 575 1211 651 1250; x_wconf 87' lang='lat'><em>835</em></span> <span class='ocrx_word' id='word_1_219' title='bbox 671 1211 856 1249; x_wconf 75' lang='lat' dir='ltr'><em>Horrida</em></span> <span class='ocrx_word' id='word_1_220' title='bbox 876 1214 972 1258; x_wconf 86' lang='lat' dir='ltr'><em>cet.;</em></span> <span class='ocrx_word' id='word_1_221' title='bbox 1002 1210 1120 1247; x_wconf 88' lang='lat' dir='ltr'><em>Lucr.</em></span> <span class='ocrx_word' id='word_1_222' title='bbox 1142 1222 1267 1247; x_wconf 85' lang='lat' dir='ltr'><em>seems</em></span> <span class='ocrx_word' id='word_1_223' title='bbox 1286 1214 1331 1248; x_wconf 90' lang='lat' dir='ltr'><em>to</em></span> <span class='ocrx_word' id='word_1_224' title='bbox 1351 1210 1452 1247; x_wconf 88' lang='lat' dir='ltr'><em>have</em></span> <span class='ocrx_word' id='word_1_225' title='bbox 1473 1209 1574 1247; x_wconf 92' lang='lat' dir='ltr'><em>been</em></span> <span class='ocrx_word' id='word_1_226' title='bbox 1594 1209 1788 1261; x_wconf 74' lang='lat' dir='ltr'><em>thinking</em></span> 
     </span>
     <span class='ocr_line' id='line_1_18' title="bbox 165 1272 1787 1324; baseline -0.002 -10"><span class='ocrx_word' id='word_1_227' title='bbox 165 1276 209 1314; x_wconf 80' lang='lat' dir='ltr'><em>of</em></span> <span class='ocrx_word' id='word_1_228' title='bbox 238 1276 395 1313; x_wconf 90' lang='lat' dir='ltr'><em>Ennius</em></span> <span class='ocrx_word' id='word_1_229' title='bbox 414 1288 507 1314; x_wconf 91' lang='lat' dir='ltr'><em>ann.</em></span> <span class='ocrx_word' id='word_1_230' title='bbox 531 1274 606 1313; x_wconf 88' lang='lat'><em>311</em></span> <span class='ocrx_word' id='word_1_231' title='bbox 630 1273 772 1324; x_wconf 80' lang='lat' dir='ltr'><em>Africa</em></span> <span class='ocrx_word' id='word_1_232' title='bbox 801 1273 968 1311; x_wconf 78' lang='lat' dir='ltr'><em>terribili</em></span> <span class='ocrx_word' id='word_1_233' title='bbox 988 1273 1116 1311; x_wconf 69' lang='lat' dir='ltr'><em>tremit</em></span> <span class='ocrx_word' id='word_1_234' title='bbox 1145 1272 1312 1310; x_wconf 76' lang='lat' dir='ltr'><em>horrida</em></span> <span class='ocrx_word' id='word_1_235' title='bbox 1341 1279 1446 1310; x_wconf 71' lang='lat' dir='ltr'><em>terra</em></span> <span class='ocrx_word' id='word_1_236' title='bbox 1474 1272 1677 1322; x_wconf 74' lang='lat' dir='ltr'><em>tumultu3</em></span> <span class='ocrx_word' id='word_1_237' title='bbox 1707 1274 1787 1311; x_wconf 91' lang='lat' dir='ltr'><em>and</em></span> 
     </span>
     <span class='ocr_line' id='line_1_19' title="bbox 167 1335 1788 1391; baseline -0.002 -13"><span class='ocrx_word' id='word_1_238' title='bbox 167 1340 340 1391; x_wconf 82' lang='lat' dir='ltr'><em>Spenser</em></span> <span class='ocrx_word' id='word_1_239' title='bbox 358 1339 483 1377; x_wconf 85' lang='lat' dir='ltr'><em>faerie</em></span> <span class='ocrx_word' id='word_1_240' title='bbox 502 1352 565 1389; x_wconf 92' lang='lat' dir='ltr'><em>qu.</em></span> <span class='ocrx_word' id='word_1_241' title='bbox 590 1350 604 1376; x_wconf 95' lang='lat'>1</span> <span class='ocrx_word' id='word_1_242' title='bbox 628 1338 673 1376; x_wconf 96' lang='lat'><em>11</em></span> <span class='ocrx_word' id='word_1_243' title='bbox 698 1337 720 1376; x_wconf 95' lang='grc'>7</span> <span class='ocrx_word' id='word_1_244' title='bbox 743 1342 786 1376; x_wconf 92' lang='grc' dir='ltr'><em>1ο</em></span> <span class='ocrx_word' id='word_1_245' title='bbox 806 1338 908 1375; x_wconf 86' lang='lat' dir='ltr'><em>have</em></span> <span class='ocrx_word' id='word_1_246' title='bbox 927 1338 1028 1375; x_wconf 88' lang='lat' dir='ltr'><em>been</em></span> <span class='ocrx_word' id='word_1_247' title='bbox 1048 1337 1241 1386; x_wconf 74' lang='lat' dir='ltr'><em>thinking</em></span> <span class='ocrx_word' id='word_1_248' title='bbox 1256 1335 1298 1373; x_wconf 82' lang='lat' dir='ltr'><em>of</em></span> <span class='ocrx_word' id='word_1_249' title='bbox 1318 1335 1434 1373; x_wconf 86' lang='lat' dir='ltr'><em>Luor.</em></span> <span class='ocrx_word' id='word_1_250' title='bbox 1455 1335 1557 1373; x_wconf 69' lang='lat' dir='ltr'><em>Thac</em></span> <span class='ocrx_word' id='word_1_251' title='bbox 1576 1336 1671 1374; x_wconf 73' lang='lat' dir='ltr'><em>with</em></span> <span class='ocrx_word' id='word_1_252' title='bbox 1690 1336 1788 1375; x_wconf 76' lang='lat' dir='ltr'><em>their</em></span> 
     </span>
     <span class='ocr_line' id='line_1_20' title="bbox 166 1399 1785 1450; baseline -0.002 -8"><span class='ocrx_word' id='word_1_253' title='bbox 166 1404 306 1443; x_wconf 71' lang='lat' dir='ltr'><em>horror</em></span> <span class='ocrx_word' id='word_1_254' title='bbox 334 1403 452 1441; x_wconf 72' lang='lat' dir='ltr'><em>lieven</em></span> <span class='ocrx_word' id='word_1_255' title='bbox 479 1402 565 1440; x_wconf 78' lang='lat' dir='ltr'><em>and</em></span> <span class='ocrx_word' id='word_1_256' title='bbox 592 1400 701 1440; x_wconf 73' lang='lat' dir='ltr'><em>earth</em></span> <span class='ocrx_word' id='word_1_257' title='bbox 731 1401 804 1439; x_wconf 83' lang='lat' dir='ltr'><em>did</em></span> <span class='ocrx_word' id='word_1_258' title='bbox 830 1401 942 1450; x_wconf 74' lang='lat' dir='ltr'><em>rinq:</em></span> <span class='ocrx_word' id='word_1_259' title='bbox 978 1400 1164 1438; x_wconf 86' lang='lat' dir='ltr'><em>Catullus</em></span> <span class='ocrx_word' id='word_1_260' title='bbox 1192 1404 1270 1447; x_wconf 92' lang='lat' dir='ltr'><em>too,</em></span> <span class='ocrx_word' id='word_1_261' title='bbox 1303 1399 1452 1450; x_wconf 81' lang='lat' dir='ltr'><em>quoted</em></span> <span class='ocrx_word' id='word_1_262' title='bbox 1489 1399 1534 1436; x_wconf 91' lang='lat' dir='ltr'><em>in</em></span> <span class='ocrx_word' id='word_1_263' title='bbox 1570 1412 1608 1437; x_wconf 90' lang='lat' dir='ltr'><em>n.</em></span> <span class='ocrx_word' id='word_1_264' title='bbox 1640 1403 1684 1437; x_wconf 92' lang='lat' dir='ltr'><em>to</em></span> <span class='ocrx_word' id='word_1_265' title='bbox 1723 1399 1785 1447; x_wconf 87' lang='lat'><em>57,</em></span> 
     </span>
     <span class='ocr_line' id='line_1_21' title="bbox 166 1462 1788 1517; baseline -0.003 -12"><span class='ocrx_word' id='word_1_266' title='bbox 166 1468 346 1506; x_wconf 86' lang='lat' dir='ltr'><em>imitates</em></span> <span class='ocrx_word' id='word_1_267' title='bbox 379 1467 517 1507; x_wconf 83' lang='lat' dir='ltr'><em>Luor.:</em></span> <span class='ocrx_word' id='word_1_268' title='bbox 559 1465 674 1517; x_wconf 90' lang='lat' dir='ltr'><em>Virg.</em></span> <span class='ocrx_word' id='word_1_269' title='bbox 710 1465 826 1503; x_wconf 86' lang='lat' dir='ltr'><em>catal.</em></span> <span class='ocrx_word' id='word_1_270' title='bbox 867 1465 915 1502; x_wconf 86' lang='grc'><em>12</em></span> <span class='ocrx_word' id='word_1_271' title='bbox 945 1465 968 1502; x_wconf 87' lang='grc'><strong>3</strong></span> <span class='ocrx_word' id='word_1_272' title='bbox 1010 1464 1228 1502; x_wconf 76' lang='lat' dir='ltr'><em>Terrarum</em></span> <span class='ocrx_word' id='word_1_273' title='bbox 1265 1462 1328 1501; x_wconf 72' lang='lat' dir='ltr'><em>liic</em></span> <span class='ocrx_word' id='word_1_274' title='bbox 1361 1463 1455 1501; x_wconf 77' lang='lat' dir='ltr'><em>bello</em></span> <span class='ocrx_word' id='word_1_275' title='bbox 1483 1476 1676 1512; x_wconf 71' lang='lat' dir='ltr'><em>mctqnum</em></span> <span class='ocrx_word' id='word_1_276' title='bbox 1704 1477 1788 1501; x_wconf 83' lang='lat' dir='ltr'><em>con-</em></span> 
     </span>
     <span class='ocr_line' id='line_1_22' title="bbox 166 1526 1788 1578; baseline -0.003 -9"><span class='ocrx_word' id='word_1_277' title='bbox 166 1537 339 1569; x_wconf 76' lang='lat' dir='ltr'><em>cusserat</em></span> <span class='ocrx_word' id='word_1_278' title='bbox 364 1530 500 1568; x_wconf 84' lang='lat' dir='ltr'><em>orbem.</em></span> <span class='ocrx_word' id='word_1_279' title='bbox 614 1529 689 1567; x_wconf 89' lang='grc'><em>836</em></span> <span class='ocrx_word' id='word_1_280' title='bbox 727 1528 783 1566; x_wconf 93' lang='lat' dir='ltr'><em>In</em></span> <span class='ocrx_word' id='word_1_281' title='bbox 811 1528 1002 1578; x_wconf 77' lang='lat' dir='ltr'><em>dubioque</em></span> <span class='ocrx_word' id='word_1_282' title='bbox 1033 1531 1107 1566; x_wconf 85' lang='lat' dir='ltr'><em>cet.</em></span> <span class='ocrx_word' id='word_1_283' title='bbox 1139 1527 1200 1566; x_wconf 90' lang='lat' dir='ltr'><em>i.e.</em></span> <span class='ocrx_word' id='word_1_284' title='bbox 1232 1539 1369 1564; x_wconf 87' lang='lat' dir='ltr'><em>omnes</em></span> <span class='ocrx_word' id='word_1_285' title='bbox 1398 1526 1565 1564; x_wconf 90' lang='lat' dir='ltr'><em>humani</em></span> <span class='ocrx_word' id='word_1_286' title='bbox 1593 1527 1637 1564; x_wconf 89' lang='lat' dir='ltr'><em>in</em></span> <span class='ocrx_word' id='word_1_287' title='bbox 1666 1526 1788 1564; x_wconf 88' lang='lat' dir='ltr'><em>dubio</em></span> 
     </span>
     <span class='ocr_line' id='line_1_23' title="bbox 166 1589 1789 1644; baseline -0.004 -12"><span class='ocrx_word' id='word_1_288' title='bbox 166 1593 280 1633; x_wconf 82' lang='lat' dir='ltr'><em>fuere</em></span> <span class='ocrx_word' id='word_1_289' title='bbox 305 1598 383 1632; x_wconf 87' lang='lat' dir='ltr'><em>utr.</em></span> <span class='ocrx_word' id='word_1_290' title='bbox 413 1593 464 1631; x_wconf 89' lang='lat' dir='ltr'><em>ad</em></span> <span class='ocrx_word' id='word_1_291' title='bbox 489 1606 567 1644; x_wconf 87' lang='lat' dir='ltr'><em>reg.</em></span> <span class='ocrx_word' id='word_1_292' title='bbox 594 1593 671 1631; x_wconf 84' lang='lat' dir='ltr'><em>sibi</em></span> <span class='ocrx_word' id='word_1_293' title='bbox 701 1591 924 1630; x_wconf 86' lang='lat' dir='ltr'><em>cadendum</em></span> <span class='ocrx_word' id='word_1_294' title='bbox 955 1596 1050 1630; x_wconf 67' lang='lat' dir='ltr'><em>cet:</em></span> <span class='ocrx_word' id='word_1_295' title='bbox 1085 1590 1201 1628; x_wconf 83' lang='lat' dir='ltr'><em>Lucr.</em></span> <span class='ocrx_word' id='word_1_296' title='bbox 1232 1590 1266 1627; x_wconf 85' lang='lat' dir='ltr'><em>is</em></span> <span class='ocrx_word' id='word_1_297' title='bbox 1293 1603 1390 1641; x_wconf 86' lang='lat' dir='ltr'><em>very</em></span> <span class='ocrx_word' id='word_1_298' title='bbox 1416 1589 1511 1627; x_wconf 83' lang='lat' dir='ltr'><em>fond</em></span> <span class='ocrx_word' id='word_1_299' title='bbox 1538 1589 1580 1627; x_wconf 82' lang='lat' dir='ltr'><em>of</em></span> <span class='ocrx_word' id='word_1_300' title='bbox 1607 1589 1705 1627; x_wconf 83' lang='lat' dir='ltr'><em>such</em></span> <span class='ocrx_word' id='word_1_301' title='bbox 1731 1590 1789 1627; x_wconf 89' lang='lat' dir='ltr'><em>in-</em></span> 
     </span>
     <span class='ocr_line' id='line_1_24' title="bbox 168 1653 1788 1704; baseline -0.003 -8"><span class='ocrx_word' id='word_1_302' title='bbox 168 1659 365 1696; x_wconf 87' lang='lat' dir='ltr'><em>versions:</em></span> <span class='ocrx_word' id='word_1_303' title='bbox 393 1670 457 1696; x_wconf 90' lang='lat' dir='ltr'><em>see</em></span> <span class='ocrx_word' id='word_1_304' title='bbox 476 1671 514 1696; x_wconf 91' lang='lat' dir='ltr'><em>n.</em></span> <span class='ocrx_word' id='word_1_305' title='bbox 532 1661 576 1695; x_wconf 90' lang='lat' dir='ltr'><em>to</em></span> <span class='ocrx_word' id='word_1_306' title='bbox 596 1668 610 1694; x_wconf 96' lang='lat'>1</span> <span class='ocrx_word' id='word_1_307' title='bbox 634 1656 701 1694; x_wconf 86' lang='lat'><em>15:</em></span> <span class='ocrx_word' id='word_1_308' title='bbox 722 1656 925 1703; x_wconf 71' lang='lat' dir='ltr'><em>humanis,</em></span> <span class='ocrx_word' id='word_1_309' title='bbox 947 1668 991 1693; x_wconf 84' lang='lat' dir='ltr'><em>as</em></span> <span class='ocrx_word' id='word_1_310' title='bbox 1012 1655 1064 1693; x_wconf 79' lang='lat'><em>80</em></span> <span class='ocrx_word' id='word_1_311' title='bbox 1084 1654 1260 1704; x_wconf 73' lang='lat' dir='ltr'><em>Percipit</em></span> <span class='ocrx_word' id='word_1_312' title='bbox 1279 1653 1471 1691; x_wconf 75' lang='lat' dir='ltr'><em>humanos</em></span> <span class='ocrx_word' id='word_1_313' title='bbox 1490 1653 1639 1700; x_wconf 84' lang='lat' dir='ltr'><em>odium,</em></span> <span class='ocrx_word' id='word_1_314' title='bbox 1656 1654 1788 1691; x_wconf 87' lang='lat' dir='ltr'><em>where</em></span> 
     </span>
     <span class='ocr_line' id='line_1_25' title="bbox 167 1716 1790 1770; baseline -0.004 -10"><span class='ocrx_word' id='word_1_315' title='bbox 167 1735 232 1760; x_wconf 90' lang='lat' dir='ltr'><em>see</em></span> <span class='ocrx_word' id='word_1_316' title='bbox 262 1727 368 1760; x_wconf 88' lang='lat' dir='ltr'><em>note.</em></span> <span class='ocrx_word' id='word_1_317' title='bbox 536 1720 590 1759; x_wconf 84' lang='lat' dir='ltr'><em>ad</em></span> <span class='ocrx_word' id='word_1_318' title='bbox 618 1733 743 1769; x_wconf 71' lang='lat' dir='ltr'><em>reyna</em></span> <span class='ocrx_word' id='word_1_319' title='bbox 775 1720 878 1758; x_wconf 72' lang='lat' dir='ltr'><em>cad:</em></span> <span class='ocrx_word' id='word_1_320' title='bbox 919 1719 1023 1770; x_wconf 84' lang='lat' dir='ltr'><em>Livy</em></span> <span class='ocrx_word' id='word_1_321' title='bbox 1056 1730 1069 1756; x_wconf 92' lang='lat'>1</span> <span class='ocrx_word' id='word_1_322' title='bbox 1105 1719 1156 1756; x_wconf 84' lang='lat'><em>40</em></span> <span class='ocrx_word' id='word_1_323' title='bbox 1192 1718 1214 1755; x_wconf 88' lang='grc'>3</span> <span class='ocrx_word' id='word_1_324' title='bbox 1243 1730 1426 1768; x_wconf 75' lang='lat' dir='ltr'><em>praeceps</em></span> <span class='ocrx_word' id='word_1_325' title='bbox 1455 1716 1549 1754; x_wconf 88' lang='lat' dir='ltr'><em>inde</em></span> <span class='ocrx_word' id='word_1_326' title='bbox 1579 1729 1697 1766; x_wconf 91' lang='lat' dir='ltr'><em>porro</em></span> <span class='ocrx_word' id='word_1_327' title='bbox 1735 1716 1790 1754; x_wconf 78' lang='lat' dir='ltr'><em>ad</em></span> 
     </span>
     <span class='ocr_line' id='line_1_26' title="bbox 167 1780 1788 1834; baseline -0.004 -11"><span class='ocrx_word' id='word_1_328' title='bbox 167 1785 328 1824; x_wconf 78' lang='lat' dir='ltr'><em>servitia</em></span> <span class='ocrx_word' id='word_1_329' title='bbox 357 1784 505 1823; x_wconf 71' lang='lat' dir='ltr'><em>caderet</em></span> <span class='ocrx_word' id='word_1_330' title='bbox 514 1799 524 1833; x_wconf 78' lang='lat'>3</span> <span class='ocrx_word' id='word_1_331' title='bbox 554 1784 701 1822; x_wconf 86' lang='lat' dir='ltr'><em>Publil.</em></span> <span class='ocrx_word' id='word_1_332' title='bbox 725 1784 851 1834; x_wconf 83' lang='lat' dir='ltr'><em>Syrus</em></span> <span class='ocrx_word' id='word_1_333' title='bbox 880 1783 953 1820; x_wconf 92' lang='lat'><em>101</em></span> <span class='ocrx_word' id='word_1_334' title='bbox 980 1782 1067 1822; x_wconf 74' lang='lat' dir='ltr'><em>Cito</em></span> <span class='ocrx_word' id='word_1_335' title='bbox 1087 1781 1358 1832; x_wconf 82' lang='lat' dir='ltr'><em>improborum</em></span> <span class='ocrx_word' id='word_1_336' title='bbox 1378 1781 1479 1818; x_wconf 74' lang='lat' dir='ltr'><em>laeta</em></span> <span class='ocrx_word' id='word_1_337' title='bbox 1498 1781 1552 1818; x_wconf 84' lang='lat' dir='ltr'><em>ad</em></span> <span class='ocrx_word' id='word_1_338' title='bbox 1572 1780 1788 1830; x_wconf 87' lang='lat' dir='ltr'><em>perniciem</em></span> 
     </span>
     <span class='ocr_line' id='line_1_27' title="bbox 167 1844 1788 1897; baseline -0.004 -11"><span class='ocrx_word' id='word_1_339' title='bbox 167 1848 333 1887; x_wconf 74' lang='lat' dir='ltr'><em>cadunt:</em></span> <span class='ocrx_word' id='word_1_340' title='bbox 363 1848 464 1886; x_wconf 89' lang='lat' dir='ltr'><em>with</em></span> <span class='ocrx_word' id='word_1_341' title='bbox 493 1848 606 1885; x_wconf 89' lang='lat' dir='ltr'><em>these</em></span> <span class='ocrx_word' id='word_1_342' title='bbox 630 1859 706 1885; x_wconf 87' lang='lat' dir='ltr'><em>vss.</em></span> <span class='ocrx_word' id='word_1_343' title='bbox 736 1859 858 1896; x_wconf 86' lang='lat' dir='ltr'><em>comp.</em></span> <span class='ocrx_word' id='word_1_344' title='bbox 884 1846 988 1897; x_wconf 87' lang='lat' dir='ltr'><em>Livy</em></span> <span class='ocrx_word' id='word_1_345' title='bbox 1009 1857 1109 1883; x_wconf 79' lang='lat' dir='ltr'>XXIX</span> <span class='ocrx_word' id='word_1_346' title='bbox 1137 1844 1184 1883; x_wconf 95' lang='grc'><strong>17</strong></span> <span class='ocrx_word' id='word_1_347' title='bbox 1215 1845 1238 1882; x_wconf 90' lang='grc'>6</span> <span class='ocrx_word' id='word_1_348' title='bbox 1266 1845 1314 1882; x_wconf 87' lang='lat' dir='ltr'><em>in</em></span> <span class='ocrx_word' id='word_1_349' title='bbox 1343 1844 1572 1882; x_wconf 78' lang='lat' dir='ltr'><em>discrimine</em></span> <span class='ocrx_word' id='word_1_350' title='bbox 1599 1849 1652 1881; x_wconf 74' lang='lat' dir='ltr'><em>est</em></span> <span class='ocrx_word' id='word_1_351' title='bbox 1679 1857 1788 1881; x_wconf 88' lang='lat' dir='ltr'><em>nunc</em></span> 
     </span>
     <span class='ocr_line' id='line_1_28' title="bbox 167 1907 1789 1961; baseline -0.005 -11"><span class='ocrx_word' id='word_1_352' title='bbox 167 1911 393 1950; x_wconf 73' lang='lat' dir='ltr'><em>humanum</em></span> <span class='ocrx_word' id='word_1_353' title='bbox 411 1925 523 1950; x_wconf 89' lang='lat' dir='ltr'><em>omne</em></span> <span class='ocrx_word' id='word_1_354' title='bbox 539 1923 673 1961; x_wconf 65' lang='lat' dir='ltr'><em>¹oenus,</em></span> <span class='ocrx_word' id='word_1_355' title='bbox 691 1916 828 1948; x_wconf 78' lang='lat' dir='ltr'><em>utrum</em></span> <span class='ocrx_word' id='word_1_356' title='bbox 848 1923 913 1948; x_wconf 77' lang='lat' dir='ltr'><em>vos</em></span> <span class='ocrx_word' id='word_1_357' title='bbox 931 1923 986 1947; x_wconf 79' lang='lat' dir='ltr'><em>an</em></span> <span class='ocrx_word' id='word_1_358' title='bbox 1007 1908 1352 1958; x_wconf 67' lang='lat' dir='ltr'><em>Carthagyinienses</em></span> <span class='ocrx_word' id='word_1_359' title='bbox 1368 1907 1570 1957; x_wconf 75' lang='lat' dir='ltr'><em>principes</em></span> <span class='ocrx_word' id='word_1_360' title='bbox 1588 1912 1789 1943; x_wconf 74' lang='lat' dir='ltr'><em>terrarum</em></span> 
     </span>
     <span class='ocr_line' id='line_1_29' title="bbox 167 1969 1788 2026; baseline -0.006 -11"><span class='ocrx_word' id='word_1_361' title='bbox 167 1977 320 2015; x_wconf 77' lang='lat' dir='ltr'><em>videat:</em></span> <span class='ocrx_word' id='word_1_362' title='bbox 367 1989 450 2012; x_wconf 88' lang='lat' dir='ltr'><em>was</em></span> <span class='ocrx_word' id='word_1_363' title='bbox 488 1975 593 2026; x_wconf 90' lang='lat' dir='ltr'><em>Livy</em></span> <span class='ocrx_word' id='word_1_364' title='bbox 621 1973 814 2024; x_wconf 89' lang='lat' dir='ltr'><em>thinking</em></span> <span class='ocrx_word' id='word_1_365' title='bbox 852 1972 894 2011; x_wconf 76' lang='lat' dir='ltr'><em>of</em></span> <span class='ocrx_word' id='word_1_366' title='bbox 931 1972 1050 2010; x_wconf 82' lang='lat' dir='ltr'><em>Luor.</em></span> <span class='ocrx_word' id='word_1_367' title='bbox 1089 1985 1135 2010; x_wconf 87' lang='lat'><em>01·</em></span> <span class='ocrx_word' id='word_1_368' title='bbox 1171 1971 1222 2010; x_wconf 91' lang='lat' dir='ltr'><em>do</em></span> <span class='ocrx_word' id='word_1_369' title='bbox 1260 1970 1360 2009; x_wconf 87' lang='lat' dir='ltr'><em>both</em></span> <span class='ocrx_word' id='word_1_370' title='bbox 1393 1969 1435 2009; x_wconf 81' lang='lat' dir='ltr'><em>of</em></span> <span class='ocrx_word' id='word_1_371' title='bbox 1471 1970 1583 2007; x_wconf 88' lang='lat' dir='ltr'><em>them</em></span> <span class='ocrx_word' id='word_1_372' title='bbox 1612 1969 1718 2007; x_wconf 84' lang='lat' dir='ltr'><em>refer</em></span> <span class='ocrx_word' id='word_1_373' title='bbox 1744 1974 1788 2007; x_wconf 88' lang='lat' dir='ltr'><em>to</em></span> 
     </span>
     <span class='ocr_line' id='line_1_30' title="bbox 170 2033 1788 2090; baseline -0.005 -12"><span class='ocrx_word' id='word_1_374' title='bbox 170 2041 325 2078; x_wconf 88' lang='lat' dir='ltr'><em>Ennius</em></span> <span class='ocrx_word' id='word_1_375' title='bbox 344 2039 517 2090; x_wconf 83' lang='lat' dir='ltr'><em>perhaps</em></span> <span class='ocrx_word' id='word_1_376' title='bbox 537 2052 582 2076; x_wconf 91' lang='lat' dir='ltr'><em>or</em></span> <span class='ocrx_word' id='word_1_377' title='bbox 602 2038 802 2075; x_wconf 65' lang='lat' dir='ltr'><em>Naevius?</em></span> <span class='ocrx_word' id='word_1_378' title='bbox 970 2037 1045 2074; x_wconf 83' lang='lat'><em>839</em></span> <span class='ocrx_word' id='word_1_379' title='bbox 1074 2036 1207 2073; x_wconf 74' lang='lat' dir='ltr'><em>uniter</em></span> <span class='ocrx_word' id='word_1_380' title='bbox 1226 2035 1311 2084; x_wconf 72' lang='lat' dir='ltr'><em>apti</em></span> <span class='ocrx_word' id='word_1_381' title='bbox 1332 2046 1466 2072; x_wconf 84' lang='lat' dir='ltr'><em>recurs</em></span> <span class='ocrx_word' id='word_1_382' title='bbox 1487 2033 1564 2071; x_wconf 82' lang='lat'><em>846</em></span> <span class='ocrx_word' id='word_1_383' title='bbox 1574 2046 1585 2081; x_wconf 87' lang='lat'>;</span> <span class='ocrx_word' id='word_1_384' title='bbox 1613 2033 1694 2071; x_wconf 88' lang='lat' dir='ltr'><em>and</em></span> <span class='ocrx_word' id='word_1_385' title='bbox 1718 2033 1788 2071; x_wconf 89' lang='lat' dir='ltr'><em>the</em></span> 
     </span>
     <span class='ocr_line' id='line_1_31' title="bbox 169 2095 1788 2155; baseline -0.005 -14"><span class='ocrx_word' id='word_1_386' title='bbox 169 2104 312 2155; x_wconf 87' lang='lat' dir='ltr'><em>phrase</em></span> <span class='ocrx_word' id='word_1_387' title='bbox 332 2103 366 2140; x_wconf 90' lang='lat' dir='ltr'><em>is</em></span> <span class='ocrx_word' id='word_1_388' title='bbox 385 2102 514 2140; x_wconf 80' lang='lat' dir='ltr'><em>found</em></span> <span class='ocrx_word' id='word_1_389' title='bbox 540 2101 670 2139; x_wconf 86' lang='lat' dir='ltr'><em>thrioe</em></span> <span class='ocrx_word' id='word_1_390' title='bbox 695 2101 740 2138; x_wconf 91' lang='lat' dir='ltr'><em>in</em></span> <span class='ocrx_word' id='word_1_391' title='bbox 759 2112 796 2149; x_wconf 82' lang='lat' dir='ltr'><em>v,</em></span> <span class='ocrx_word' id='word_1_392' title='bbox 818 2101 954 2138; x_wconf 77' lang='lat' dir='ltr'><em>uniter</em></span> <span class='ocrx_word' id='word_1_393' title='bbox 978 2099 1099 2149; x_wconf 88' lang='lat' dir='ltr'><em>being</em></span> <span class='ocrx_word' id='word_1_394' title='bbox 1125 2097 1364 2149; x_wconf 71' lang='lat' dir='ltr'><em>apparently</em></span> <span class='ocrx_word' id='word_1_395' title='bbox 1385 2097 1481 2135; x_wconf 86' lang='lat' dir='ltr'><em>used</em></span> <span class='ocrx_word' id='word_1_396' title='bbox 1502 2095 1556 2147; x_wconf 90' lang='lat' dir='ltr'><em>by</em></span> <span class='ocrx_word' id='word_1_397' title='bbox 1576 2095 1788 2134; x_wconf 84' lang='lat' dir='ltr'><em>Lucretius</em></span> 
     </span>
     <span class='ocr_line' id='line_1_32' title="bbox 169 2159 1788 2216; baseline -0.006 -10"><span class='ocrx_word' id='word_1_398' title='bbox 169 2168 285 2206; x_wconf 87' lang='lat' dir='ltr'><em>alone</em></span> <span class='ocrx_word' id='word_1_399' title='bbox 293 2181 305 2216; x_wconf 82' lang='lat'><em>3</em></span> <span class='ocrx_word' id='word_1_400' title='bbox 333 2179 377 2204; x_wconf 85' lang='lat' dir='ltr'><em>as</em></span> <span class='ocrx_word' id='word_1_401' title='bbox 403 2166 493 2204; x_wconf 87' lang='lat' dir='ltr'><em>well</em></span> <span class='ocrx_word' id='word_1_402' title='bbox 520 2178 563 2202; x_wconf 83' lang='lat' dir='ltr'><em>as</em></span> <span class='ocrx_word' id='word_1_403' title='bbox 588 2165 777 2214; x_wconf 73' lang='lat' dir='ltr'><em>lonyiter:</em></span> <span class='ocrx_word' id='word_1_404' title='bbox 816 2164 886 2201; x_wconf 88' lang='lat' dir='ltr'><em>the</em></span> <span class='ocrx_word' id='word_1_405' title='bbox 914 2162 1045 2200; x_wconf 85' lang='lat' dir='ltr'><em>words</em></span> <span class='ocrx_word' id='word_1_406' title='bbox 1071 2174 1139 2199; x_wconf 87' lang='lat' dir='ltr'><em>are</em></span> <span class='ocrx_word' id='word_1_407' title='bbox 1167 2159 1340 2211; x_wconf 87' lang='lat' dir='ltr'><em>opposed</em></span> <span class='ocrx_word' id='word_1_408' title='bbox 1373 2163 1417 2197; x_wconf 89' lang='grc'><em>10</em></span> <span class='ocrx_word' id='word_1_409' title='bbox 1449 2159 1676 2206; x_wconf 84' lang='lat' dir='ltr'><em>discidium,</em></span> <span class='ocrx_word' id='word_1_410' title='bbox 1707 2159 1788 2196; x_wconf 88' lang='lat' dir='ltr'><em>and</em></span> 
     </span>
     <span class='ocr_line' id='line_1_33' title="bbox 169 2223 1788 2281; baseline -0.006 -12"><span class='ocrx_word' id='word_1_411' title='bbox 169 2243 330 2281; x_wconf 84' lang='lat' dir='ltr'><em>express</em></span> <span class='ocrx_word' id='word_1_412' title='bbox 350 2230 444 2267; x_wconf 90' lang='lat' dir='ltr'><em>that</em></span> <span class='ocrx_word' id='word_1_413' title='bbox 463 2229 627 2279; x_wconf 86' lang='lat' dir='ltr'><em>organio</em></span> <span class='ocrx_word' id='word_1_414' title='bbox 646 2228 772 2266; x_wconf 88' lang='lat' dir='ltr'><em>union</em></span> <span class='ocrx_word' id='word_1_415' title='bbox 793 2226 836 2265; x_wconf 83' lang='lat' dir='ltr'><em>of</em></span> <span class='ocrx_word' id='word_1_416' title='bbox 855 2225 962 2277; x_wconf 90' lang='lat' dir='ltr'><em>body</em></span> <span class='ocrx_word' id='word_1_417' title='bbox 977 2225 1059 2263; x_wconf 91' lang='lat' dir='ltr'><em>and</em></span> <span class='ocrx_word' id='word_1_418' title='bbox 1079 2224 1165 2262; x_wconf 86' lang='lat' dir='ltr'><em>soul</em></span> <span class='ocrx_word' id='word_1_419' title='bbox 1180 2224 1310 2261; x_wconf 85' lang='lat' dir='ltr'><em>which</em></span> <span class='ocrx_word' id='word_1_420' title='bbox 1330 2223 1441 2274; x_wconf 83' lang='lat' dir='ltr'><em>gives</em></span> <span class='ocrx_word' id='word_1_421' title='bbox 1461 2236 1484 2260; x_wconf 89' lang='lat' dir='ltr'><em>a</em></span> <span class='ocrx_word' id='word_1_422' title='bbox 1502 2235 1597 2259; x_wconf 89' lang='lat' dir='ltr'><em>man</em></span> <span class='ocrx_word' id='word_1_423' title='bbox 1612 2223 1674 2260; x_wconf 81' lang='lat' dir='ltr'><em>his</em></span> <span class='ocrx_word' id='word_1_424' title='bbox 1689 2223 1788 2260; x_wconf 87' lang='lat' dir='ltr'><em>indi-</em></span> 
     </span>
     <span class='ocr_line' id='line_1_34' title="bbox 170 2286 1787 2344; baseline -0.006 -12"><span class='ocrx_word' id='word_1_425' title='bbox 170 2295 371 2344; x_wconf 85' lang='lat' dir='ltr'><em>viduality</em></span> <span class='ocrx_word' id='word_1_426' title='bbox 391 2293 472 2330; x_wconf 88' lang='lat' dir='ltr'><em>and</em></span> <span class='ocrx_word' id='word_1_427' title='bbox 492 2292 677 2343; x_wconf 82' lang='lat' dir='ltr'><em>persona]</em></span> <span class='ocrx_word' id='word_1_428' title='bbox 697 2291 886 2340; x_wconf 78' lang='lat' dir='ltr'><em>identity.</em></span> <span class='ocrx_word' id='word_1_429' title='bbox 1028 2289 1103 2327; x_wconf 85' lang='lat'><em>842</em></span> <span class='ocrx_word' id='word_1_430' title='bbox 1132 2288 1226 2326; x_wconf 90' lang='lat' dir='ltr'><em>Non</em></span> <span class='ocrx_word' id='word_1_431' title='bbox 1245 2287 1280 2326; x_wconf 75' lang='lat' dir='ltr'><em>si</em></span> <span class='ocrx_word' id='word_1_432' title='bbox 1299 2293 1405 2324; x_wconf 76' lang='lat' dir='ltr'><em>terra</em></span> <span class='ocrx_word' id='word_1_433' title='bbox 1424 2289 1498 2324; x_wconf 87' lang='lat' dir='ltr'><em>cet.</em></span> <span class='ocrx_word' id='word_1_434' title='bbox 1521 2299 1545 2322; x_wconf 89' lang='lat' dir='ltr'><em>a</em></span> <span class='ocrx_word' id='word_1_435' title='bbox 1563 2286 1787 2335; x_wconf 86' lang='lat' dir='ltr'><em>proverbia]</em></span> 
     </span>
     <span class='ocr_line' id='line_1_35' title="bbox 170 2349 1789 2408; baseline -0.006 -12"><span class='ocrx_word' id='word_1_436' title='bbox 170 2358 419 2408; x_wconf 84' lang='lat' dir='ltr'><em>expression:</em></span> <span class='ocrx_word' id='word_1_437' title='bbox 450 2369 513 2394; x_wconf 86' lang='lat' dir='ltr'><em>see</em></span> <span class='ocrx_word' id='word_1_438' title='bbox 534 2369 572 2394; x_wconf 93' lang='lat' dir='ltr'><em>n.</em></span> <span class='ocrx_word' id='word_1_439' title='bbox 595 2359 639 2393; x_wconf 89' lang='grc'><em>10</em></span> <span class='ocrx_word' id='word_1_440' title='bbox 660 2366 673 2392; x_wconf 91' lang='lat'>1</span> <span class='ocrx_word' id='word_1_441' title='bbox 697 2355 719 2392; x_wconf 84' lang='lat'><strong>2</strong></span> <span class='ocrx_word' id='word_1_442' title='bbox 742 2354 764 2391; x_wconf 88' lang='grc'><strong>3</strong></span> <span class='ocrx_word' id='word_1_443' title='bbox 786 2354 866 2391; x_wconf 86' lang='lat' dir='ltr'><em>and</em></span> <span class='ocrx_word' id='word_1_444' title='bbox 888 2353 1011 2391; x_wconf 86' lang='lat'>6—9:</span> <span class='ocrx_word' id='word_1_445' title='bbox 1042 2353 1071 2391; x_wconf 84' lang='lat' dir='ltr'><strong>J</strong></span> <span class='ocrx_word' id='word_1_446' title='bbox 1072 2365 1138 2390; x_wconf 90' lang='lat' dir='ltr'><em>uv.</em></span> <span class='ocrx_word' id='word_1_447' title='bbox 1163 2363 1194 2389; x_wconf 91' lang='lat'><em>11</em></span> <span class='ocrx_word' id='word_1_448' title='bbox 1216 2352 1265 2388; x_wconf 89' lang='grc'><em>25</em></span> <span class='ocrx_word' id='word_1_449' title='bbox 1288 2349 1386 2397; x_wconf 74' lang='lat' dir='ltr'><em>Quis</em></span> <span class='ocrx_word' id='word_1_450' title='bbox 1405 2349 1554 2387; x_wconf 79' lang='lat' dir='ltr'><em>caelum</em></span> <span class='ocrx_word' id='word_1_451' title='bbox 1574 2349 1690 2387; x_wconf 77' lang='lat' dir='ltr'><em>terris</em></span> <span class='ocrx_word' id='word_1_452' title='bbox 1707 2363 1789 2387; x_wconf 89' lang='lat' dir='ltr'><em>non</em></span> 
     </span>
     <span class='ocr_line' id='line_1_36' title="bbox 170 2412 1789 2468; baseline -0.005 -9"><span class='ocrx_word' id='word_1_453' title='bbox 170 2422 329 2460; x_wconf 76' lang='lat' dir='ltr'><em>misceat</em></span> <span class='ocrx_word' id='word_1_454' title='bbox 355 2426 389 2458; x_wconf 80' lang='lat' dir='ltr'><em>et</em></span> <span class='ocrx_word' id='word_1_455' title='bbox 408 2433 514 2457; x_wconf 80' lang='lat' dir='ltr'><em>mare</em></span> <span class='ocrx_word' id='word_1_456' title='bbox 537 2418 660 2466; x_wconf 76' lang='lat' dir='ltr'><em>caelo5</em></span> <span class='ocrx_word' id='word_1_457' title='bbox 689 2417 793 2468; x_wconf 90' lang='lat' dir='ltr'><em>Livy</em></span> <span class='ocrx_word' id='word_1_458' title='bbox 813 2429 855 2455; x_wconf 92' lang='lat' dir='ltr'><em>1v</em></span> <span class='ocrx_word' id='word_1_459' title='bbox 877 2418 899 2454; x_wconf 84' lang='lat'>3</span> <span class='ocrx_word' id='word_1_460' title='bbox 922 2417 944 2454; x_wconf 90' lang='lat'>6</span> <span class='ocrx_word' id='word_1_461' title='bbox 965 2416 1067 2466; x_wconf 81' lang='lat' dir='ltr'><em>quid</em></span> <span class='ocrx_word' id='word_1_462' title='bbox 1092 2416 1251 2453; x_wconf 75' lang='lat' dir='ltr'><em>tandem</em></span> <span class='ocrx_word' id='word_1_463' title='bbox 1269 2420 1322 2452; x_wconf 72' lang='lat' dir='ltr'><em>est</em></span> <span class='ocrx_word' id='word_1_464' title='bbox 1341 2427 1412 2452; x_wconf 88' lang='lat' dir='ltr'><em>cur</em></span> <span class='ocrx_word' id='word_1_465' title='bbox 1431 2412 1582 2451; x_wconf 80' lang='lat' dir='ltr'><em>caelum</em></span> <span class='ocrx_word' id='word_1_466' title='bbox 1600 2426 1646 2450; x_wconf 85' lang='lat' dir='ltr'><em>ac</em></span> <span class='ocrx_word' id='word_1_467' title='bbox 1666 2419 1789 2451; x_wconf 74' lang='lat' dir='ltr'><em>terras</em></span> 
     </span>
     <span class='ocr_line' id='line_1_37' title="bbox 171 2478 1788 2535; baseline -0.006 -10"><span class='ocrx_word' id='word_1_468' title='bbox 171 2487 405 2525; x_wconf 51' lang='lat' dir='ltr'><em>misceant&amp;</em></span> <span class='ocrx_word' id='word_1_469' title='bbox 434 2498 558 2535; x_wconf 88' lang='lat' dir='ltr'><em>comp.</em></span> <span class='ocrx_word' id='word_1_470' title='bbox 581 2485 692 2521; x_wconf 84' lang='lat' dir='ltr'><em>what</em></span> <span class='ocrx_word' id='word_1_471' title='bbox 713 2483 852 2522; x_wconf 84' lang='lat' dir='ltr'><em>Cicero</em></span> <span class='ocrx_word' id='word_1_472' title='bbox 875 2482 924 2520; x_wconf 92' lang='lat' dir='ltr'><em>de</em></span> <span class='ocrx_word' id='word_1_473' title='bbox 944 2483 1011 2520; x_wconf 90' lang='lat' dir='ltr'><em>fin.</em></span> <span class='ocrx_word' id='word_1_474' title='bbox 1035 2493 1085 2520; x_wconf 93' lang='lat'><em>111</em></span> <span class='ocrx_word' id='word_1_475' title='bbox 1107 2482 1157 2519; x_wconf 82' lang='lat'><em>64</em></span> <span class='ocrx_word' id='word_1_476' title='bbox 1183 2480 1280 2518; x_wconf 84' lang='lat' dir='ltr'><em>calls</em></span> <span class='ocrx_word' id='word_1_477' title='bbox 1299 2479 1372 2517; x_wconf 76' lang='lat' dir='ltr'><em>illa</em></span> <span class='ocrx_word' id='word_1_478' title='bbox 1400 2493 1473 2517; x_wconf 76' lang='lat' dir='ltr'><em>vox</em></span> <span class='ocrx_word' id='word_1_479' title='bbox 1500 2478 1731 2516; x_wconf 77' lang='lat' dir='ltr'><em>inhumana</em></span> <span class='ocrx_word' id='word_1_480' title='bbox 1755 2484 1788 2516; x_wconf 75' lang='lat' dir='ltr'><em>et</em></span> 
     </span>
     <span class='ocr_line' id='line_1_38' title="bbox 171 2540 1788 2598; baseline -0.005 -10"><span class='ocrx_word' id='word_1_481' title='bbox 171 2549 364 2596; x_wconf 80' lang='lat' dir='ltr'><em>scelerata,</em></span> <span class='ocrx_word' id='word_1_482' title='bbox 379 2547 553 2598; x_wconf 88' lang='lat' dir='ltr'><em>adopted</em></span> <span class='ocrx_word' id='word_1_483' title='bbox 565 2548 619 2598; x_wconf 90' lang='lat' dir='ltr'><em>by</em></span> <span class='ocrx_word' id='word_1_484' title='bbox 632 2547 816 2586; x_wconf 88' lang='lat' dir='ltr'><em>Tiberius</em></span> <span class='ocrx_word' id='word_1_485' title='bbox 831 2546 911 2584; x_wconf 91' lang='lat' dir='ltr'><em>and</em></span> <span class='ocrx_word' id='word_1_486' title='bbox 927 2546 1048 2593; x_wconf 88' lang='lat' dir='ltr'><em>Nero,</em></span> <span class='ocrx_word' id='word_1_487' title='bbox 1062 2543 1182 2595; x_wconf 79' lang='grc' dir='ltr'><em>Ἐμοῦ</em></span> <span class='ocrx_word' id='word_1_488' title='bbox 1201 2541 1376 2582; x_wconf 85' lang='grc' dir='ltr'>θανόντος</span> <span class='ocrx_word' id='word_1_489' title='bbox 1394 2543 1485 2594; x_wconf 86' lang='grc' dir='ltr'>γαῖα</span> <span class='ocrx_word' id='word_1_490' title='bbox 1502 2540 1673 2593; x_wconf 84' lang='grc' dir='ltr'>μιχθήτω</span> <span class='ocrx_word' id='word_1_491' title='bbox 1687 2542 1788 2591; x_wconf 88' lang='grc' dir='ltr'>πυρί·</span> 
     </span>
     <span class='ocr_line' id='line_1_39' title="bbox 177 2605 1789 2663; baseline -0.005 -14"><span class='ocrx_word' id='word_1_492' title='bbox 177 2611 294 2650; x_wconf 78' lang='grc' dir='ltr'>Οὐδὲν</span> <span class='ocrx_word' id='word_1_493' title='bbox 321 2610 430 2660; x_wconf 84' lang='grc' dir='ltr'>μέλει</span> <span class='ocrx_word' id='word_1_494' title='bbox 454 2626 530 2659; x_wconf 87' lang='grc' dir='ltr'>μοι,</span> <span class='ocrx_word' id='word_1_495' title='bbox 552 2608 656 2660; x_wconf 76' lang='grc' dir='ltr'><em>τοῖμὰ</em></span> <span class='ocrx_word' id='word_1_496' title='bbox 681 2608 755 2663; x_wconf 63' lang='grc' dir='ltr'><em>’γὰρ</em></span> <span class='ocrx_word' id='word_1_497' title='bbox 782 2610 905 2649; x_wconf 78' lang='grc' dir='ltr'>καλῶς</span> <span class='ocrx_word' id='word_1_498' title='bbox 926 2609 1014 2660; x_wconf 81' lang='grc' dir='ltr'>ἔχει.</span> <span class='ocrx_word' id='word_1_499' title='bbox 1074 2607 1222 2645; x_wconf 74' lang='lat' dir='ltr'><em>Sextus</em></span> <span class='ocrx_word' id='word_1_500' title='bbox 1242 2606 1376 2658; x_wconf 85' lang='lat' dir='ltr'><em>pyrrh.</em></span> <span class='ocrx_word' id='word_1_501' title='bbox 1399 2606 1491 2656; x_wconf 90' lang='lat' dir='ltr'><em>hyp.</em></span> <span class='ocrx_word' id='word_1_502' title='bbox 1515 2616 1564 2643; x_wconf 94' lang='lat'><em>111</em></span> <span class='ocrx_word' id='word_1_503' title='bbox 1587 2605 1663 2642; x_wconf 81' lang='lat'><em>229</em></span> <span class='ocrx_word' id='word_1_504' title='bbox 1684 2605 1717 2642; x_wconf 83' lang='lat' dir='ltr'><em>is</em></span> <span class='ocrx_word' id='word_1_505' title='bbox 1736 2618 1789 2642; x_wconf 78' lang='lat' dir='ltr'><em>an</em></span> 
     </span>
     <span class='ocr_line' id='line_1_40' title="bbox 171 2666 1790 2720; baseline -0.003 -7"><span class='ocrx_word' id='word_1_506' title='bbox 171 2675 370 2713; x_wconf 81' lang='lat' dir='ltr'><em>excellent</em></span> <span class='ocrx_word' id='word_1_507' title='bbox 383 2677 585 2711; x_wconf 85' lang='lat' dir='ltr'><em>comment</em></span> <span class='ocrx_word' id='word_1_508' title='bbox 600 2686 653 2711; x_wconf 92' lang='lat' dir='ltr'><em>on</em></span> <span class='ocrx_word' id='word_1_509' title='bbox 668 2674 738 2710; x_wconf 90' lang='lat' dir='ltr'><em>the</em></span> <span class='ocrx_word' id='word_1_510' title='bbox 753 2672 880 2710; x_wconf 89' lang='lat' dir='ltr'><em>above</em></span> <span class='ocrx_word' id='word_1_511' title='bbox 896 2685 972 2710; x_wconf 82' lang='lat' dir='ltr'><em>vss.</em></span> <span class='ocrx_word' id='word_1_512' title='bbox 1014 2671 1076 2709; x_wconf 86' lang='grc' dir='ltr'><em>καὶ</em></span> <span class='ocrx_word' id='word_1_513' title='bbox 1096 2671 1116 2708; x_wconf 85' lang='grc' dir='ltr'>ὁ</span> <span class='ocrx_word' id='word_1_514' title='bbox 1135 2669 1355 2720; x_wconf 85' lang='grc' dir='ltr'>Ἐπίκουρος</span> <span class='ocrx_word' id='word_1_515' title='bbox 1375 2667 1416 2707; x_wconf 86' lang='grc' dir='ltr'><em>δέ</em></span> <span class='ocrx_word' id='word_1_516' title='bbox 1433 2673 1553 2719; x_wconf 87' lang='grc' dir='ltr'>φησιν</span> <span class='ocrx_word' id='word_1_517' title='bbox 1573 2666 1612 2706; x_wconf 84' lang='lat'><em>‘0‘</em></span> <span class='ocrx_word' id='word_1_518' title='bbox 1631 2667 1790 2708; x_wconf 80' lang='grc' dir='ltr'>θάνατος</span> 
     </span>
     <span class='ocr_line' id='line_1_41' title="bbox 173 2730 1790 2789; baseline -0.004 -13"><span class='ocrx_word' id='word_1_519' title='bbox 173 2737 280 2776; x_wconf 84' lang='grc' dir='ltr'>ου’δὲν</span> <span class='ocrx_word' id='word_1_520' title='bbox 317 2736 411 2787; x_wconf 74' lang='grc' dir='ltr'>πρὸς</span> <span class='ocrx_word' id='word_1_521' title='bbox 447 2735 564 2786; x_wconf 78' lang='grc' dir='ltr'>ἡμᾶς·</span> <span class='ocrx_word' id='word_1_522' title='bbox 602 2735 648 2774; x_wconf 73' lang='grc' dir='ltr'><em>τὸ</em></span> <span class='ocrx_word' id='word_1_523' title='bbox 679 2734 752 2789; x_wconf 81' lang='grc' dir='ltr'><em>γὰρ</em></span> <span class='ocrx_word' id='word_1_524' title='bbox 788 2735 962 2775; x_wconf 85' lang='grc' dir='ltr'>διαλυθὲν</span> <span class='ocrx_word' id='word_1_525' title='bbox 992 2733 1225 2783; x_wconf 73' lang='grc' dir='ltr'>ἀναισθητεῖ,</span> <span class='ocrx_word' id='word_1_526' title='bbox 1261 2731 1304 2772; x_wconf 83' lang='grc' dir='ltr'><em>τὸ</em></span> <span class='ocrx_word' id='word_1_527' title='bbox 1334 2731 1374 2771; x_wconf 83' lang='grc' dir='ltr'><em>δὲ</em></span> <span class='ocrx_word' id='word_1_528' title='bbox 1405 2730 1657 2781; x_wconf 74' lang='grc' dir='ltr'>ἀναισθητοῦν</span> <span class='ocrx_word' id='word_1_529' title='bbox 1685 2730 1790 2770; x_wconf 79' lang='grc' dir='ltr'>οὐδὲν</span> 
     </span>
     <span class='ocr_line' id='line_1_42' title="bbox 173 2794 1789 2850; baseline -0.004 -12"><span class='ocrx_word' id='word_1_530' title='bbox 173 2799 268 2850; x_wconf 76' lang='grc' dir='ltr'>πρὸς</span> <span class='ocrx_word' id='word_1_531' title='bbox 296 2799 423 2849; x_wconf 73' lang='grc' dir='ltr'>ἡμᾶς’·</span> <span class='ocrx_word' id='word_1_532' title='bbox 464 2799 563 2847; x_wconf 78' lang='grc' dir='ltr'>φασὶ</span> <span class='ocrx_word' id='word_1_533' title='bbox 598 2799 636 2838; x_wconf 83' lang='grc' dir='ltr'><em>δὲ</em></span> <span class='ocrx_word' id='word_1_534' title='bbox 671 2799 732 2837; x_wconf 83' lang='grc' dir='ltr'><em>καὶ</em></span> <span class='ocrx_word' id='word_1_535' title='bbox 762 2799 809 2840; x_wconf 73' lang='grc' dir='ltr'><em>ὥς</em></span> <span class='ocrx_word' id='word_1_536' title='bbox 845 2799 946 2848; x_wconf 80' lang='grc' dir='ltr'>εἴπερ</span> <span class='ocrx_word' id='word_1_537' title='bbox 976 2796 1265 2846; x_wconf 84' lang='grc' dir='ltr'>συνεστήκαμεν</span> <span class='ocrx_word' id='word_1_538' title='bbox 1296 2798 1336 2833; x_wconf 89' lang='grc' dir='ltr'><em>ἐκ</em></span> <span class='ocrx_word' id='word_1_539' title='bbox 1367 2796 1489 2848; x_wconf 80' lang='grc' dir='ltr'>ψυχῆς</span> <span class='ocrx_word' id='word_1_540' title='bbox 1520 2794 1581 2833; x_wconf 79' lang='grc' dir='ltr'><em>καὶ</em></span> <span class='ocrx_word' id='word_1_541' title='bbox 1608 2794 1789 2845; x_wconf 83' lang='grc' dir='ltr'>σώματος,</span> 
     </span>
     <span class='ocr_line' id='line_1_43' title="bbox 171 2858 1788 2914; baseline -0.004 -13"><span class='ocrx_word' id='word_1_542' title='bbox 171 2863 194 2901; x_wconf 82' lang='grc' dir='ltr'>ὁ</span> <span class='ocrx_word' id='word_1_543' title='bbox 239 2861 277 2901; x_wconf 83' lang='grc' dir='ltr'><em>δὲ</em></span> <span class='ocrx_word' id='word_1_544' title='bbox 314 2860 474 2903; x_wconf 75' lang='grc' dir='ltr'>θάνατος</span> <span class='ocrx_word' id='word_1_545' title='bbox 507 2861 678 2903; x_wconf 83' lang='grc' dir='ltr'>διάλυσίς</span> <span class='ocrx_word' id='word_1_546' title='bbox 715 2864 798 2901; x_wconf 83' lang='grc' dir='ltr'>ἐστι</span> <span class='ocrx_word' id='word_1_547' title='bbox 835 2863 958 2914; x_wconf 85' lang='grc' dir='ltr'>ψυχῆς</span> <span class='ocrx_word' id='word_1_548' title='bbox 996 2861 1057 2899; x_wconf 85' lang='grc' dir='ltr'><em>καὶ</em></span> <span class='ocrx_word' id='word_1_549' title='bbox 1094 2859 1279 2910; x_wconf 82' lang='grc' dir='ltr'>σώματος,</span> <span class='ocrx_word' id='word_1_550' title='bbox 1318 2859 1380 2898; x_wconf 84' lang='grc' dir='ltr'><em>ὅτε</em></span> <span class='ocrx_word' id='word_1_551' title='bbox 1416 2860 1484 2910; x_wconf 88' lang='grc' dir='ltr'><em>μὲν</em></span> <span class='ocrx_word' id='word_1_552' title='bbox 1521 2858 1627 2909; x_wconf 70' lang='grc' dir='ltr'>ἡμεῖς</span> <span class='ocrx_word' id='word_1_553' title='bbox 1664 2858 1788 2908; x_wconf 86' lang='grc' dir='ltr'>ἐσμέν,</span> 
     </span>
     <span class='ocr_line' id='line_1_44' title="bbox 175 2919 1790 2979; baseline -0.002 -16"><span class='ocrx_word' id='word_1_554' title='bbox 175 2926 243 2964; x_wconf 75' lang='grc' dir='ltr'><em>οὐκ</em></span> <span class='ocrx_word' id='word_1_555' title='bbox 274 2925 378 2964; x_wconf 81' lang='grc' dir='ltr'>ἔστιν</span> <span class='ocrx_word' id='word_1_556' title='bbox 406 2924 429 2963; x_wconf 79' lang='lat' dir='ltr'><em>o‘</em></span> <span class='ocrx_word' id='word_1_557' title='bbox 458 2924 627 2974; x_wconf 82' lang='grc' dir='ltr'>θάνατος,</span> <span class='ocrx_word' id='word_1_558' title='bbox 651 2924 695 2964; x_wconf 76' lang='grc' dir='ltr'><em>οὗ</em></span> <span class='ocrx_word' id='word_1_559' title='bbox 713 2924 786 2979; x_wconf 81' lang='grc' dir='ltr'><em>γὰρ</em></span> <span class='ocrx_word' id='word_1_560' title='bbox 807 2923 1049 2975; x_wconf 85' lang='grc' dir='ltr'>ὃιαλυόμεθα,</span> <span class='ocrx_word' id='word_1_561' title='bbox 1072 2922 1135 2962; x_wconf 82' lang='grc' dir='ltr'><em>ὅτε</em></span> <span class='ocrx_word' id='word_1_562' title='bbox 1161 2922 1200 2961; x_wconf 83' lang='grc' dir='ltr'><em>δὲ</em></span> <span class='ocrx_word' id='word_1_563' title='bbox 1223 2921 1243 2960; x_wconf 85' lang='grc' dir='ltr'>ὁ</span> <span class='ocrx_word' id='word_1_564' title='bbox 1270 2922 1428 2963; x_wconf 78' lang='grc' dir='ltr'>θάνατος</span> <span class='ocrx_word' id='word_1_565' title='bbox 1454 2922 1567 2967; x_wconf 83' lang='grc' dir='ltr'>ἔστιν,</span> <span class='ocrx_word' id='word_1_566' title='bbox 1587 2919 1654 2960; x_wconf 71' lang='grc' dir='ltr'><em>οὐκ</em></span> <span class='ocrx_word' id='word_1_567' title='bbox 1676 2922 1790 2971; x_wconf 85' lang='grc' dir='ltr'>ἐσμὲν</span> 
     </span>
     <span class='ocr_line' id='line_1_45' title="bbox 173 2983 1788 3041; baseline -0.002 -15"><span class='ocrx_word' id='word_1_568' title='bbox 173 2987 294 3039; x_wconf 74' lang='grc' dir='ltr'>ἡμεῖς·</span> <span class='ocrx_word' id='word_1_569' title='bbox 324 2992 374 3039; x_wconf 80' lang='grc' dir='ltr'><em>τῷ</em></span> <span class='ocrx_word' id='word_1_570' title='bbox 392 2988 467 3041; x_wconf 68' lang='grc' dir='ltr'><em>γάρ</em></span> <span class='ocrx_word' id='word_1_571' title='bbox 490 2988 621 3039; x_wconf 87' lang='grc' dir='ltr'>μηκέτι</span> <span class='ocrx_word' id='word_1_572' title='bbox 647 2988 715 3040; x_wconf 82' lang='grc' dir='ltr'><em>τήν</em></span> <span class='ocrx_word' id='word_1_573' title='bbox 742 2988 932 3028; x_wconf 81' lang='grc' dir='ltr'>σύστασιν</span> <span class='ocrx_word' id='word_1_574' title='bbox 960 2987 1052 3026; x_wconf 78' lang='grc' dir='ltr'>εἶναι</span> <span class='ocrx_word' id='word_1_575' title='bbox 1075 2990 1142 3037; x_wconf 82' lang='grc' dir='ltr'><em>τῆς</em></span> <span class='ocrx_word' id='word_1_576' title='bbox 1168 2988 1290 3038; x_wconf 81' lang='grc' dir='ltr'>ψυχῆς</span> <span class='ocrx_word' id='word_1_577' title='bbox 1318 2986 1380 3025; x_wconf 83' lang='grc' dir='ltr'><em>καὶ</em></span> <span class='ocrx_word' id='word_1_578' title='bbox 1405 2988 1472 3025; x_wconf 83' lang='grc' dir='ltr'><em>τοῦ</em></span> <span class='ocrx_word' id='word_1_579' title='bbox 1500 2983 1677 3036; x_wconf 71' lang='grc' dir='ltr'>σοῘματος</span> <span class='ocrx_word' id='word_1_580' title='bbox 1702 2984 1788 3024; x_wconf 76' lang='grc' dir='ltr'>οὐδὲ</span> 
     </span>
    </p>
   </div>
  </div>
 </body>
</html>
