1987 3267
199 180 280 210 202
769 172 893 204 BOOK
922 171 977 202 ΙΙΙ
1036 169 1178 201 NOTES
1209 169 1244 199 11

195 282 305 319 ibant
320 281 444 329 Atque
459 279 586 316 labore
603 293 610 316 ε
639 276 857 314 somewhat
872 274 1024 311 similar
1039 285 1107 310 are
1124 284 1154 310 11
1176 272 1252 310 962
1269 285 1346 320 quo
1362 271 1568 309 decursum
1578 284 1698 320 prope
1713 270 1797 309 iam

196 344 267 382 siet
285 344 344 380 ire
362 348 395 380 et
415 341 521 378 abire
535 354 546 387 3
575 339 654 376 and
676 349 725 376 111
747 338 824 374 593
847 335 1036 384 labefacta
1055 335 1210 372 videtur
1228 334 1294 372 Ire
1313 334 1461 371 anima.
1585 334 1658 371 527
1677 333 1711 370 is
1730 333 1801 371 the

195 409 299 443 most
325 404 508 442 effective
534 403 716 439 instance
743 400 784 438 of
810 399 937 437 sound
964 397 1190 447 answering
1216 401 1259 434 to
1285 409 1407 443 sense,
1430 395 1630 446 produced
1656 397 1709 446 by
1728 396 1800 434 the

197 468 377 517 simplest
397 478 544 510 means,
566 464 658 501 that
677 463 700 500 I
720 463 838 499 know
859 460 901 498 of
919 460 962 497 in
981 460 1050 496 the
1070 459 1197 496 whole
1218 471 1339 508 range
1359 457 1400 495 of
1420 458 1542 494 Latin
1560 461 1712 508 poetry.

199 532 270 568 529
293 536 381 580 post
408 528 522 566 inde:
553 528 601 564 he
627 526 710 562 also
738 525 810 561 has
832 529 920 572 post
946 521 1097 568 deinde,
1126 533 1167 558 v1
1195 521 1272 560 763
1294 526 1381 570 post
1406 520 1508 567 hinc,
1537 531 1562 557 v
1590 520 1692 558 1007
1717 526 1803 558 tum

197 593 357 630 deinde:
384 596 470 640 post
489 590 579 626 inde
604 589 638 625 is
664 586 790 624 found
817 586 860 622 in
888 585 991 622 Enn.
1021 598 1112 621 ann.
1146 585 1204 630 11,
1232 583 1313 621 and
1340 584 1382 620 in
1403 583 1482 621 Cio.
1505 583 1549 620 in
1569 582 1702 621 Pison.
1725 582 1802 630 893

198 655 327 693 Plaut.
352 654 446 691 trin.
467 652 544 691 768
564 651 664 700 quid
682 656 767 686 tum
782 650 944 698 postea?
1055 647 1127 685 531
1147 647 1216 684 lioc
1236 647 1258 683 I
1279 646 1375 683 take
1393 646 1436 682 in
1455 645 1525 682 the
1544 657 1657 683 sense
1675 645 1710 682 it
1728 645 1800 682 has

174 763 178 767 .
197 719 241 755 in
261 729 302 755 1v
324 718 400 754 658
422 715 509 752 Hoc
531 714 598 751 ubi
618 712 726 762 quod
743 725 860 749 suave
880 717 933 748 est
953 714 1048 757 cet.3
1082 709 1184 747 1093
1207 707 1420 757 Hocfacile
1439 707 1613 757 empletur
1632 711 1728 755 cet.3
1756 718 1799 746 vl

199 781 276 818 274
304 780 389 817 Hoc
413 778 482 816 ubi
508 783 643 815 ventus
669 780 762 822 cet.;
796 774 910 824 Virg.
942 786 1046 823 geor.
1078 784 1108 809 11
1137 773 1235 819 4253
1264 769 1429 824 [Catull.
1460 770 1511 807 44
1543 770 1591 808 13
1620 770 1706 808 Hoc
1734 770 1798 821 (O,

198 843 420 880 Baehrens:
448 840 527 877 llic
542 840 590 885 G,
609 837 733 888 vulg.)
754 850 813 874 me
830 835 998 884 yravedo
1007 834 1173 883 frig-ida
1193 839 1227 871 et
1230 833 1423 882 frequens
1439 832 1556 870 tussis
1573 831 1784 878 Quassavit
1791 846 1803 880 3

199 904 322 942 Lucil.
355 915 396 940 VI
428 903 476 939 29
516 901 601 938 Hoc
639 907 683 937 tu
722 906 808 949 apte
837 899 961 936 credis
990 911 1224 947 quemquam
1258 896 1409 934 latrina
1432 895 1600 945 petisse?
1613 908 1624 943 3
1667 894 1800 933 Plaut.

199 967 346 1016 Amph.
378 966 454 1002 164
485 963 673 1013 opulento
698 962 850 1000 homini
876 961 943 998 lioc
970 960 1135 998 servitus
1161 960 1299 997 damst
1313 972 1324 1006 3
1354 957 1495 996 Pseud.
1526 957 1602 994 826
1631 957 1715 995 Hoc
1739 957 1804 994 hic

200 1029 353 1079 quidem
372 1028 544 1065 homines
564 1033 646 1063 tam
665 1025 812 1063 brevem,
831 1025 955 1062 vitam
974 1023 1104 1061 colunt
1123 1020 1149 1075 3]
1181 1023 1257 1060 807
1279 1021 1366 1059 Hoc
1385 1035 1450 1070 690
1463 1020 1541 1069 sui
1564 1019 1678 1058 hodie
1697 1019 1803 1058 solus

199 1093 363 1131 obsessor
379 1090 495 1139 fori3
524 1089 672 1126 rudens
701 1089 778 1125 388
806 1088 873 1125 hoc
901 1100 977 1125 sese
1005 1086 1200 1123 excruciat
1229 1084 1368 1130 animi,
1403 1083 1518 1131 Quia,
1548 1087 1644 1131 cet.;
1681 1082 1802 1133 Pliny

198 1155 309 1205 epist.
334 1165 364 1190 11
389 1153 436 1190 19
459 1153 480 1189 3
509 1158 638 1189 tamen
663 1151 730 1188 hoc
756 1150 858 1199 quod
884 1149 1013 1187 sedent
1039 1149 1155 1197 quasi
1181 1147 1463 1185 debilitantur:
1494 1158 1559 1184 see
1585 1145 1712 1183 Hand
1737 1145 1801 1183 for

199 1218 313 1255 other
332 1217 550 1253 instances:
580 1215 614 1252 it
633 1214 777 1251 almost
792 1231 821 1245 =
837 1226 930 1262 ergo
944 1226 954 1259 3
983 1211 1064 1249 and
1084 1212 1153 1248 the
1177 1210 1378 1261 emphatic
1398 1209 1529 1247 words
1554 1208 1596 1247 of
1621 1208 1692 1246 the
1717 1220 1802 1246 sen-

198 1286 314 1318 tence
332 1280 391 1318 Sc.
415 1283 488 1316 cet.
511 1290 619 1315 come
638 1278 738 1322 first,
759 1289 803 1313 as
823 1288 866 1313 so
885 1275 997 1312 often
1018 1275 1061 1311 in
1081 1274 1217 1311 Lucu:
1248 1285 1289 1310 vl
1314 1272 1415 1310 1246
1446 1272 1626 1322 Optimus
1650 1270 1719 1309 hoc
1738 1270 1804 1309 leti

197 1356 317 1391 (senus
336 1355 424 1390 erqo
443 1341 605 1390 quisque
624 1339 799 1377 subibat:
830 1351 893 1375 see
919 1352 955 1375 n.
985 1343 1027 1375 to
1054 1349 1068 1375 1
1095 1338 1196 1374 419:
1226 1337 1294 1374 hoe
1319 1335 1449 1386 might
1474 1336 1576 1372 have
1595 1334 1666 1372 the
1685 1346 1805 1372 some-

198 1406 308 1442 what
327 1404 513 1442 different
533 1403 720 1452 meaning
739 1402 773 1439 it
793 1402 864 1438 has
889 1402 933 1438 in
960 1401 1092 1438 Plaut.
1117 1400 1210 1437 trin.
1237 1399 1312 1437 783
1333 1399 1400 1436 lioc
1413 1428 1421 1436 .
1441 1428 1449 1437 .
1464 1397 1737 1447 Suspicionem
1755 1396 1803 1434 ab

200 1469 439 1506 adulescente
465 1466 678 1504 amoveris:
708 1466 731 1502 i.
743 1478 773 1502 6.
797 1465 871 1502 hac
896 1478 946 1502 re.
1117 1463 1188 1501 532
1210 1463 1361 1499 eristit:
1392 1474 1434 1499 so
1454 1472 1486 1498 11
1507 1461 1584 1499 796
1611 1473 1732 1509 neque
1757 1460 1804 1497 in

201 1531 320 1568 lucem
348 1529 521 1567 existunt
543 1528 771 1577 primordia
798 1540 931 1564 rerum
945 1540 955 1574 3
989 1537 1014 1562 v
1045 1526 1121 1564 212
1151 1531 1343 1574 nequeant
1373 1524 1548 1574 liquidas
1576 1523 1732 1561 existere
1758 1522 1806 1561 in

200 1606 339 1640 (turas3
370 1590 490 1644 [auct.
516 1590 606 1628 bell.
630 1590 719 1628 Afr.
747 1591 768 1628 7
792 1590 814 1627 6
837 1589 958 1627 latent
979 1589 1081 1627 enim
1100 1589 1146 1626 in
1165 1588 1331 1626 insidiis
1351 1602 1440 1625 eum
1465 1587 1572 1637 equis
1595 1587 1698 1625 inter
1722 1599 1806 1625 con-

200 1655 317 1692 valles
338 1661 371 1692 et
390 1654 516 1692 subito
536 1654 735 1701 existunt3
767 1653 814 1690 69
839 1654 857 1690 1
889 1653 1043 1701 aymini
1067 1653 1148 1689 eius
1174 1658 1338 1689 eoi-tremo
1363 1664 1400 1688 se
1426 1649 1595 1699 offerunt
1620 1655 1736 1699 atque
1761 1662 1806 1688 ex

200 1718 360 1756 collibus
372 1717 517 1767 primis
531 1717 701 1754 eaeistnnt
709 1730 719 1763 3
740 1716 819 1754 Cic.
839 1716 953 1754 Verr.
972 1727 1013 1753 1v
1030 1715 1103 1753 107
1125 1715 1310 1764 spelunca
1324 1715 1518 1764 quaedam
1531 1744 1539 1752 .
1555 1743 1563 1751 .
1578 1726 1660 1763 qua
1673 1712 1806 1750 Ditem

195 1787 350 1830 patrem
362 1780 508 1828 ferunt
533 1786 682 1829 repente
709 1793 797 1817 cum
823 1793 947 1816 curru
973 1779 1163 1817 eaetitisse:
1194 1790 1257 1815 see
1282 1782 1350 1815 too
1370 1775 1542 1829 white]
1667 1776 1740 1814 537
1759 1776 1806 1813 in

201 1857 334 1881 sensu:
365 1843 442 1880 596
462 1843 508 1880 in
529 1849 649 1880 taetro
670 1843 834 1880 tabescat
854 1843 992 1889 odore3
1022 1853 1053 1879 11
1076 1842 1153 1879 819
1174 1842 1218 1879 in
1236 1841 1372 1890 quovis
1386 1854 1460 1878 esse
1478 1840 1603 1877 nitore
1616 1852 1627 1887 3
1657 1850 1706 1876 111
1729 1838 1804 1877 188

201 1907 248 1944 in
272 1907 338 1944 ira
366 1906 469 1944 Cum
484 1905 671 1955 fervescit
685 1920 695 1952 3
726 1905 801 1942 295
831 1905 1033 1954 effervescit
1060 1905 1106 1942 in
1131 1905 1196 1941 ira
1210 1918 1220 1951 3
1254 1904 1328 1941 401
1359 1910 1472 1940 artus
1496 1903 1542 1940 in
1567 1901 1633 1939 leti
1645 1900 1805 1951 friqore

202 1968 374 2017 linquit3
406 1968 482 2004 826
504 1967 620 2016 inque
639 1973 744 2004 metu
764 1967 863 2004 male
881 1967 1015 2014 habet3
1045 1966 1134 2004 Sen.
1157 1967 1270 2016 epist.
1293 1966 1344 2004 74
1362 1965 1410 2003 27
1431 1965 1476 2002 in
1495 1964 1627 2002 eadem
1645 1970 1806 2014 uterque

191 2030 454 2080 formafait:
484 2042 547 2067 see
567 2043 604 2067 n.
627 2034 671 2066 to
692 2041 705 2066 1
727 2029 815 2068 999.
877 2027 1028 2082 [Comp.
1059 2030 1142 2067 also
1169 2029 1248 2067 Cic.
1279 2029 1393 2078 epist.
1419 2038 1450 2064 11
1474 2028 1521 2064 12
1543 2026 1566 2063 3
1587 2040 1669 2064 non
1688 2039 1803 2065 essem

204 2093 363 2142 quidem
383 2093 537 2130 tamdiu
556 2093 599 2130 in
620 2093 810 2130 desiderio
832 2106 967 2131 ‘rerum
992 2092 1094 2129 milii
1120 2092 1418 2130 earissimarum
1431 2104 1442 2138 3
1471 2101 1523 2127 xv
1545 2089 1567 2127 6
1591 2089 1609 2126 1
1632 2089 1704 2139 qui
1727 2090 1807 2140 ipsi

204 2156 248 2193 in
269 2155 382 2192 laude
402 2153 614 2208 vixerunt]
728 2156 800 2194 540
820 2156 855 2193 si
874 2156 959 2193 iam
979 2156 1092 2193 libeat
1109 2169 1116 2192 τ
1145 2167 1209 2192 see
1229 2168 1265 2191 n.
1288 2158 1332 2191 to
1351 2165 1366 2191 1
1388 2153 1474 2191 968.
1590 2152 1662 2191 545
1685 2153 1770 2190 suis
1788 2166 1806 2190 6

200 2218 383 2268 partibus
402 2218 423 2255 I
443 2219 539 2256 take
557 2222 601 2256 to
620 2219 670 2256 be
689 2219 759 2255 the
779 2223 890 2268 parts
909 2218 951 2256 of
969 2219 1039 2256 the
1059 2218 1144 2255 soul
1164 2217 1273 2254 itself
1288 2231 1294 2254 :
1325 2229 1448 2266 comp.
1472 2226 1503 2253 11
1522 2216 1596 2253 159
1617 2216 1705 2265 ipsa
1723 2216 1808 2254 suis

206 2294 223 2317 6
238 2279 420 2329 partibus
438 2293 532 2318 una.
646 2280 892 2326 obbrutescent,
911 2294 934 2317 a
955 2293 1042 2317 rare
1058 2280 1183 2318 word:
1205 2279 1401 2316 Afranius
1418 2279 1495 2315 420
1511 2278 1582 2315 has
1601 2278 1785 2316 obbrutui
1796 2292 1804 2317 :

207 2342 284 2378 AB
313 2342 410 2379 both
440 2342 537 2390 spell
565 2342 599 2378 it
625 2342 724 2378 with
753 2354 828 2379 one
857 2342 901 2389 ὂς
929 2341 1008 2378 and
1037 2354 1080 2379 so
1107 2341 1157 2379 do
1183 2341 1253 2378 the
1278 2354 1365 2378 mss.
1396 2340 1438 2378 of
1465 2340 1635 2387 Nonius,
1656 2339 1737 2378 and
1764 2341 1808 2380 of

207 2404 357 2441 Paulus
377 2404 487 2441 Festi
505 2405 623 2441 twice
642 2417 759 2443 over:
788 2411 1030 2453 opportunus
1048 2417 1184 2442 occurs
1200 2404 1242 2440 in
1258 2404 1373 2441 Lucr.
1391 2404 1469 2441 five
1483 2404 1600 2441 times
1617 2417 1624 2441 :
1652 2404 1696 2441 in
1710 2404 1807 2441 each

208 2479 295 2504 case
320 2466 449 2503 either
475 2466 573 2503 both
600 2466 676 2503 AB
702 2480 748 2504 01·
771 2480 847 2504 one
873 2480 917 2504 or
942 2467 1012 2504 the
1037 2466 1153 2503 other
1173 2466 1288 2503 write
1308 2472 1545 2515 oportunus:
1575 2466 1738 2503 Servius
1763 2470 1807 2503 to

208 2529 310 2566 Aen.
343 2539 357 2564 1
389 2527 464 2564 616
495 2527 565 2564 has
597 2529 810 2577 ‘cipplicatz
854 2528 1070 2566 secundum
1100 2532 1348 2578 praesentem
1377 2541 1492 2566 usum
1520 2541 1592 2578 per
1619 2528 1648 2566 d
1677 2528 1806 2578 prima

207 2590 360 2639 syllaba
388 2589 601 2627 scribitur:
641 2590 858 2627 secundum
892 2591 1100 2640 antiquam
1130 2591 1453 2640 orthographiam
1482 2603 1584 2640 quae
1611 2590 1807 2640 praeposi-

207 2652 364 2689 tionum
389 2650 572 2687 ultimam
599 2650 776 2688 litteram
804 2652 847 2688 in
872 2652 1046 2689 vicinam
1073 2651 1270 2699 mutabat,
1297 2665 1367 2702 per
1390 2666 1440 2702 p:
1471 2652 1687 2690 secundum
1712 2664 1807 2690 vero

209 2713 447 2764 euphoniam
467 2725 537 2762 per
557 2726 582 2749 a
601 2715 795 2752 tantum':
825 2715 885 2752 1.6.
908 2716 1002 2765 only
1022 2728 1097 2752 one
1111 2729 1142 2764 p
1162 2728 1241 2752 was
1261 2715 1448 2754 sounded.

291 2775 494 2813 548—55'7
510 2788 517 2812 :
547 2775 616 2812 the
635 2775 747 2812 mind
766 2777 799 2813 is
819 2790 862 2813 as
883 2778 999 2814 much
1021 2781 1112 2826 part
1127 2777 1168 2814 of
1187 2778 1256 2815 the
1270 2791 1376 2823 man,
1395 2791 1438 2815 as
1452 2777 1523 2815 the
1536 2790 1604 2815 ear
1619 2790 1663 2815 or
1677 2790 1748 2828 eye
1763 2789 1807 2815 or

211 2851 289 2886 any
305 2837 419 2874 other
438 2849 567 2874 sense:
597 2849 700 2874 none
720 2837 761 2874 of
779 2838 892 2875 these
906 2852 980 2876 can
1000 2840 1105 2876 exist
1123 2839 1248 2886 alone,
1267 2840 1342 2876 but
1362 2839 1485 2889 decay
1503 2843 1548 2876 at
1566 2852 1687 2877 once:
1716 2851 1759 2876 so
1773 2838 1808 2877 it

210 2900 245 2937 is
263 2899 364 2937 with
383 2899 452 2936 the
471 2898 594 2944 mind,
617 2899 746 2936 which
765 2900 800 2937 is
819 2913 863 2937 as
887 2901 1032 2952 closely
1051 2902 1268 2939 connected
1289 2902 1387 2939 with
1410 2902 1480 2939 the
1501 2900 1608 2952 body
1627 2914 1671 2938 as
1696 2900 1806 2938 these

212 2974 288 2999 are.
424 2962 495 2999 551
526 2968 767 3011 atque..ve:
795 2976 859 3001 see
887 2969 1001 3001 notes
1034 2964 1078 3012 13
1119 2964 1199 3001 and
1228 2977 1349 3013 comp.
1382 2964 1477 3001 Juv.
1508 2974 1550 3001 1v
1580 2964 1628 3001 76
1658 2963 1702 3001 de
1729 2976 1807 3013 qua
