1987 3267
167 156 246 197 106
746 164 870 194 BOOK
901 164 917 194 1
978 164 1121 194 NOTES
1152 164 1189 194 11

160 270 293 307 where
306 269 377 306 the
389 268 509 318 thing
523 267 621 305 ends
637 266 716 303 ancl
734 266 961 316 something
972 266 1051 304 else
1066 267 1224 317 begins:
1249 268 1341 306 llaec
1354 282 1491 307 sensus
1502 271 1774 321 nat.=simply

159 333 221 370 hio
239 346 396 370 sensus:
426 343 490 368 see
509 344 548 367 n.
570 334 614 368 to
636 341 667 367 11
690 329 778 367 646.
920 329 993 367 962
1013 335 1199 378 sequatur
1217 344 1225 368 :
1256 331 1357 369 Aen.
1382 342 1459 368 v111
1480 332 1557 369 592
1578 333 1775 383 oculisque

160 401 345 433 secuntur
366 394 596 431 Pulveream
615 393 763 430 nubem.
921 392 995 429 964
1015 392 1084 429 the
1104 406 1192 441 erqo
1211 392 1366 430 follows
1384 393 1487 431 from
1509 395 1586 433 959
1605 410 1775 446 namque

160 462 234 496 cet.
293 458 378 495 The
397 457 524 494 above
542 456 577 493 is
597 456 742 493 almost
760 468 785 492 a
804 454 1048 492 translation
1069 454 1111 492 of
1131 455 1330 505 Epicurus
1345 456 1388 493 in
1404 456 1519 507 Diog.
1535 469 1562 495 x
1579 459 1625 496 41
1641 457 1683 497 τό
1698 461 1774 498 πᾶν

160 519 314 571 ἄπειρον
340 523 440 558 ἐστι·
478 518 521 557 τὸ
558 517 632 571 γὰρ
667 518 956 566 πεπερασμένον
985 516 1098 568 ἄκρον
1126 518 1217 569 ἔχει·
1257 517 1300 556 τὸ
1330 517 1360 557 δ’
1389 517 1506 569 ἅκρον
1532 520 1618 570 παρ’
1647 519 1775 570 ἕτερόν

158 600 195 622 τι
223 584 420 634 θεωρεῖται.
481 581 578 620 ὥστε
612 581 680 620 οὔκ
714 581 799 632 ἔχον
833 579 945 630 ἄκρον
981 580 1096 629 πέρας
1135 581 1200 618 οὐκ
1240 580 1327 631 ἔχει,
1366 580 1480 631 πέρας
1518 581 1548 621 δ’
1581 583 1650 622 οὐκ
1687 584 1774 635 ἔχον

160 644 312 696 ἄπειρον
332 643 378 684 ἂν
395 644 450 694 εἴη
471 644 531 682 καὶ
552 643 595 681 οὐ
614 643 900 692 πεπερασμένον
918 657 926 681 2
957 656 1080 693 comp.
1104 649 1171 681 too
1192 643 1272 682 Cic.
1296 644 1345 681 cle
1364 644 1442 682 div.
1467 656 1499 682 11
1524 645 1598 684 103
1618 646 1775 685 ‘videsne

159 709 380 759 Epicurum
395 739 403 747 .
420 738 427 746 .
442 706 783 757 quemadmodum,
814 705 920 755 quod
945 705 992 742 in
1020 712 1171 743 natura
1193 719 1327 743 rerum
1353 720 1465 744 omne
1490 720 1566 745 esse
1589 707 1770 756 dicimus,

158 771 206 809 id
222 771 432 821 infinitum
452 784 525 808 esse
545 769 808 807 concluserit?
836 768 940 818 quod
960 769 1120 805 finitum
1141 773 1203 806 est
1226 769 1358 818 inquit
1387 770 1510 807 habet
1535 777 1768 810 extremum.

159 835 249 884 quis
268 835 337 872 ltoc
357 848 440 872 non
459 833 641 871 dederit?
668 832 774 882 quod
801 838 935 869 autem
960 831 1082 869 habet
1105 836 1342 879 extremum,
1365 832 1405 869 id
1427 833 1606 870 cernitur
1625 846 1676 871 ex
1693 834 1774 873 alio

158 898 418 936 extrinsecus.
478 897 546 934 hoc
574 909 723 946 quoque
747 902 800 933 est
825 895 1121 933 concedendum.
1162 901 1224 932 at
1249 895 1353 945 quod
1378 909 1495 934 omne
1523 901 1593 944 cst,
1621 897 1663 935 id
1691 911 1773 936 non

159 962 339 998 cernitur
358 974 408 998 ex
427 960 507 997 alio
527 959 786 997 extrinsecus.
847 972 894 995 ne
914 957 982 996 hoc
1001 958 1159 1007 quidem
1179 959 1317 1007 neyari
1336 965 1470 1008 potest.
1525 960 1627 997 nihil
1648 960 1774 1011 igitur

159 1037 248 1061 cum
270 1025 416 1061 habeat
437 1028 673 1069 extremum,
697 1021 902 1058 infinitum
923 1021 977 1058 sit
998 1033 1154 1057 necesse
1175 1025 1245 1059 est.
1361 1022 1433 1059 966
1453 1035 1566 1071 quem
1583 1036 1648 1072 qu.
1671 1023 1693 1062 l.
1709 1036 1771 1073 με

164 1088 239 1125 289
261 1088 346 1125 ruit
366 1101 447 1136 qua
466 1086 661 1136 quicquid
676 1085 869 1135 fluctibus
888 1084 1009 1122 obstat
1026 1099 1032 1121 :
1063 1097 1128 1122 see
1147 1090 1266 1122 note:
1297 1096 1338 1122 1v
1363 1085 1437 1123 179
1458 1086 1512 1123 In
1530 1099 1643 1135 quem
1660 1100 1773 1136 quae-

157 1163 230 1199 que
252 1150 375 1187 locum
396 1149 548 1187 diverso
566 1149 729 1186 numine
749 1148 913 1185 tendunt
928 1161 939 1195 ;
968 1147 1048 1184 Cic.
1069 1147 1117 1185 de
1132 1152 1230 1186 orat.
1248 1159 1261 1184 1
1282 1148 1357 1185 130
1378 1155 1432 1195 ut,
1449 1149 1496 1186 in
1515 1163 1590 1199 quo
1608 1150 1772 1200 quisque

158 1211 325 1263 artificio
349 1211 550 1258 excelleret,
582 1211 619 1248 is
644 1211 691 1247 in
713 1224 785 1248 suo
809 1224 945 1260 qenere
975 1210 1137 1248 Roscius
1161 1210 1352 1248 diceretur
1366 1226 1375 1259 ;
1406 1212 1509 1263 Livy
1530 1224 1572 1250 IV
1599 1215 1622 1250 4
1653 1213 1701 1251 10
1725 1213 1774 1251 in

157 1289 277 1324 quam
297 1275 436 1324 cuique
459 1274 624 1311 feminae
639 1273 874 1311 convenisset
890 1273 1050 1310 domum
1064 1287 1074 1321 3
1105 1275 1155 1311 48
1180 1274 1228 1311 10
1247 1280 1291 1311 ut
1311 1288 1407 1323 quos
1421 1276 1584 1324 quisque
1597 1281 1744 1325 posset.
1761 1306 1769 1315 .

152 1339 376 1388 pellicerent
392 1352 402 1386 ;
431 1349 559 1375 XXXIX
584 1338 631 1375 16
657 1337 705 1374 13
726 1351 801 1387 quo
820 1337 982 1387 quisque
1001 1337 1080 1375 loco
1104 1338 1256 1387 positus
1275 1338 1361 1385 erit,
1382 1339 1489 1388 quod
1511 1339 1773 1389 imperabitur

157 1402 321 1451 impiyre
344 1408 570 1451 praestare;
601 1398 729 1453 [Caes.
754 1400 789 1438 b.
814 1401 885 1438 ciV.
911 1413 925 1438 1
949 1401 998 1438 76
1021 1402 1043 1437 4
1065 1401 1235 1448 edicunt,
1260 1414 1378 1450 penes
1401 1415 1515 1451 quem
1538 1402 1700 1452 quisque
1723 1403 1772 1440 sit

160 1464 340 1503 Caesaris
360 1465 479 1512 miles,
502 1471 546 1501 ut
567 1465 847 1514 producantur
861 1478 871 1511 ;
901 1464 934 1501 b.
961 1464 1063 1501 Gall.
1087 1475 1135 1501 111
1153 1465 1176 1501 4
1199 1465 1220 1501 2
1245 1470 1290 1501 ut
1313 1478 1486 1514 quaeque
1508 1479 1608 1515 pars
1633 1471 1771 1504 castro-

156 1541 247 1565 rum
269 1527 424 1565 nudata
447 1526 715 1576 defensoribus
736 1527 863 1576 premi
890 1527 1103 1573 videbatur,
1126 1540 1167 1564 eo
1190 1525 1416 1580 occurrere]
1555 1529 1629 1567 967
1658 1529 1681 1566 Ι
1707 1542 1770 1566 am

156 1596 228 1627 not
248 1591 353 1628 clear
374 1590 555 1628 whether
579 1591 745 1640 quisque
769 1603 814 1628 or
835 1590 940 1627 locus
964 1591 998 1627 is
1021 1589 1177 1639 subject
1203 1590 1245 1628 of
1266 1590 1464 1640 relinquit,
1488 1591 1511 1628 I
1532 1592 1683 1630 believe
1702 1593 1772 1630 the

157 1653 305 1691 former
324 1655 366 1691 is.

240 1717 316 1754 968
344 1716 380 1754 si
406 1716 490 1754 iam
511 1720 621 1753 must
645 1715 694 1753 be
715 1715 862 1754 noted:
892 1717 1008 1754 when
1029 1717 1124 1754 thus
1144 1719 1252 1764 used,
1275 1717 1432 1767 usually
1452 1730 1496 1754 as
1515 1717 1609 1755 here
1629 1718 1727 1755 with
1747 1732 1772 1755 a

157 1792 256 1829 pres.
280 1780 393 1829 subj.,
417 1780 492 1817 but
510 1784 584 1817 not
603 1779 764 1829 always,
791 1780 824 1816 it
847 1793 984 1817 means
1010 1781 1202 1830 granting
1222 1780 1284 1818 for
1310 1780 1380 1817 the
1408 1784 1584 1818 moment
1601 1781 1699 1818 such
1727 1794 1773 1819 or

157 1844 254 1881 such
270 1843 333 1881 for
352 1845 421 1881 the
437 1844 532 1880 sake
547 1843 589 1881 of
608 1851 830 1893 argument,
847 1849 917 1893 yet
932 1845 1023 1881 that
1039 1844 1169 1881 which
1185 1845 1219 1881 is
1234 1843 1412 1881 affirmes]
1431 1844 1510 1880 will
1525 1844 1609 1881 still
1624 1844 1767 1892 follow,

158 1920 202 1944 or
221 1908 312 1944 that
331 1907 463 1944 which
483 1908 516 1944 is
537 1907 681 1944 denied
703 1907 784 1944 will
804 1907 888 1944 still
909 1912 981 1944 not
1001 1907 1158 1946 follow:
1187 1908 1257 1945 the
1278 1908 1487 1958 reasoning
1505 1908 1705 1946 therefore
1723 1909 1768 1956 is,

157 1971 349 2020 granting
368 1971 431 2008 for
450 1971 520 2008 the
540 1976 717 2009 moment
737 1984 853 2020 space
873 1977 916 2009 to
936 1972 986 2009 be
1004 1972 1130 2017 finite,
1148 1976 1218 2021 yet
1233 1985 1336 2009 none
1351 1972 1421 2009 the
1436 1972 1512 2009 less
1525 1972 1595 2009 the
1609 1973 1771 2023 general

158 2034 388 2071 conclusion
407 2034 489 2070 will
511 2035 559 2072 be
580 2039 671 2071 true
691 2034 783 2071 that
798 2034 868 2071 the
884 2048 995 2072 omne
1007 2035 1040 2071 is
1056 2034 1215 2071 infinite
1229 2049 1239 2082 ;
1268 2035 1302 2071 it
1322 2034 1522 2072 therefore
1541 2035 1771 2073 introduces

158 2097 327 2134 another
347 2097 462 2146 proof
481 2097 522 2135 of
541 2097 624 2134 this
639 2097 723 2134 fact
739 2111 748 2144 ;
777 2097 856 2134 and
878 2097 949 2134 has
968 2097 1140 2147 nothing
1155 2102 1198 2135 to
1218 2097 1268 2135 do
1285 2098 1384 2134 with
1404 2098 1575 2148 proving
1593 2111 1709 2148 space
1728 2104 1772 2136 to

158 2160 208 2197 be
220 2160 378 2197 infinite
394 2175 402 2198 :
432 2161 501 2198 the
517 2161 836 2198 demonstration
852 2160 894 2198 of
907 2161 999 2198 that
1014 2161 1153 2211 begins
1168 2165 1212 2198 at
1229 2161 1306 2198 988
1325 2161 1455 2212 (984):
1485 2174 1608 2211 comp.
1626 2173 1674 2198 111
1691 2162 1771 2200 540

157 2222 193 2259 si
219 2222 303 2260 iam
331 2223 446 2261 libeat
475 2225 672 2261 concedere
694 2224 854 2272 falsum
882 2224 935 2261 Et
964 2224 1322 2262 dare...Mortalem
1352 2230 1483 2262 tamen
1510 2228 1584 2262 cet.
1600 2238 1611 2272 3
1639 2235 1666 2262 v
1694 2225 1769 2262 195

160 2284 274 2330 Quod
297 2286 332 2323 si
358 2287 440 2323 iam
468 2301 601 2324 rerum
624 2287 798 2336 iquorem
822 2287 1052 2336 primordia
1078 2300 1175 2335 quae
1195 2286 1287 2332 sint,
1307 2287 1393 2324 Hoc
1412 2293 1541 2324 tamen
1561 2291 1658 2325 cet.:
1686 2287 1771 2326 also

159 2359 173 2384 1
196 2348 273 2386 396
294 2349 393 2386 with
413 2349 567 2399 imperf.
587 2350 678 2396 Nec,
696 2350 731 2387 si
749 2350 833 2387 iam
847 2356 982 2399 posset,
1004 2350 1087 2387 sine
1107 2349 1225 2387 inani
1239 2356 1365 2399 posset
1380 2364 1390 2397 3
1418 2350 1497 2387 and
1519 2361 1550 2387 11
1572 2350 1650 2388 974
1669 2351 1769 2388 with

157 2410 276 2448 indic.
293 2411 512 2461 Principiis
530 2412 565 2449 si
584 2413 668 2450 iam
687 2419 738 2450 est
758 2427 894 2451 sensus
913 2412 1152 2459 tribuendus,
1175 2412 1257 2450 and
1272 2424 1321 2450 111
1339 2413 1415 2451 766
1436 2413 1544 2462 quod
1558 2413 1595 2450 si
1613 2413 1697 2450 iam
1703 2414 1766 2462 fit,

147 2472 306 2522 fateare
324 2482 504 2512 necessest
518 2489 528 2523 3
557 2475 636 2512 and
658 2476 734 2512 843
755 2476 791 2513 si
810 2477 894 2513 iam
912 2481 1043 2513 nostro
1062 2475 1178 2512 sentit
1199 2479 1294 2513 cet.:
1324 2488 1388 2513 see
1407 2475 1490 2512 also
1510 2486 1552 2512 IV
1574 2475 1674 2513 1171
1693 2475 1772 2514 Sed

158 2542 288 2574 tamen
307 2543 382 2575 esto
403 2537 508 2575 iam:
538 2538 607 2575 the
628 2538 735 2576 force
755 2539 796 2576 of
814 2539 884 2576 the
903 2538 1132 2588 expression
1152 2538 1186 2575 is
1206 2538 1295 2575 well
1315 2551 1408 2575 seen
1427 2538 1470 2575 in
1486 2538 1596 2575 Caes.
1612 2537 1660 2575 de
1675 2539 1766 2577 bell.

158 2600 230 2637 civ.
256 2611 287 2636 11
310 2601 355 2637 31
383 2600 404 2637 5
426 2601 533 2649 quod
550 2601 584 2638 si
604 2601 697 2647 iam,
719 2601 864 2651 inquit,
882 2602 972 2639 haec
992 2601 1192 2651 explorata
1211 2601 1430 2648 habeamus,
1450 2614 1551 2649 quae
1570 2601 1616 2638 de
1634 2601 1770 2640 eaeerci-

159 2669 222 2700 tus
249 2663 486 2700 alienatione
517 2663 721 2710 dicuntur,
757 2678 855 2713 quae
881 2664 1039 2714 quidem
1064 2677 1128 2713 eqo
1158 2670 1229 2701 aut
1259 2664 1418 2701 omnino
1435 2663 1549 2711 salsa
1573 2670 1645 2701 aut
1674 2670 1770 2702 certe

157 2726 316 2763 minora
336 2726 520 2775 opinione
540 2740 614 2763 esse
633 2726 794 2776 confidO,
821 2733 968 2776 quanto
988 2731 1059 2764 cet.
1121 2727 1200 2764 For
1219 2726 1302 2764 this
1321 2739 1390 2763 use
1413 2726 1456 2763 of
1482 2726 1519 2763 si
1537 2726 1620 2764 iam
1638 2725 1719 2764 and
1743 2739 1770 2764 a

159 2788 309 2825 similar
329 2801 404 2826 one
422 2788 464 2826 of
482 2796 528 2826 ut
541 2789 625 2826 iam
641 2790 684 2826 in
700 2789 838 2827 Cicero
853 2789 933 2827 and
949 2790 1083 2827 others
1098 2790 1178 2827 and
1193 2789 1275 2826 iam
1289 2795 1334 2826 ut
1353 2789 1396 2825 in
1412 2788 1515 2839 Livy
1527 2789 1608 2826 and
1622 2788 1769 2826 Caesar

158 2862 222 2887 see
238 2850 374 2889 Madv.
393 2850 442 2888 de
454 2851 518 2887 fin.
537 2862 578 2888 1v
593 2851 653 2890 66.
787 2853 859 2890 969
878 2859 1091 2901 procurrat
1110 2853 1144 2889 is
1164 2851 1363 2889 technical
1379 2867 1386 2890 :
1417 2850 1520 2900 Livy
1536 2862 1663 2888 XXXIV
1676 2851 1726 2888 39
1743 2851 1767 2888 3

159 2925 239 2949 non
266 2912 378 2949 modo
402 2913 455 2950 ad
480 2913 689 2950 emittenda
712 2927 800 2951 cum
822 2928 1028 2964 procursu,
1057 2928 1133 2964 quo
1156 2914 1383 2964 plurimum
1411 2914 1658 2950 concitantur
1680 2915 1764 2962 tela,

158 2975 332 3023 spatium
353 2975 523 3022 habebat,
549 2977 615 3013 sed
627 2990 638 3024 3
667 2988 799 3014 XXVIII
834 2977 882 3014 14
917 2978 940 3014 3
964 2978 1011 3014 ab
1043 2983 1184 3014 neutra
1210 2982 1323 3026 parte
1345 2989 1581 3026 procursum
1608 2976 1769 3014 telumve
