1987 3267
723 156 846 186 BOOK
877 156 931 186 111
991 156 1133 187 NOTEs
1164 155 1199 186 11
1691 156 1770 196 199

159 270 303 301 terram
325 261 533 311 proscinde
562 259 747 306 iuvencis,
773 258 849 296 263
879 258 926 296 id
951 258 1057 297 venti
1077 264 1219 296 curant
1241 258 1469 307 qelidaeque
1483 258 1668 307 pruinae,
1692 258 1768 295 293

158 338 240 363 non
258 324 399 362 liiemes
416 323 541 369 illam,
562 336 644 361 non
651 322 787 373 flabra
807 336 926 372 neque
944 322 1083 359 imbres
1103 320 1343 368 Convellunt‚
1363 321 1412 360 47
1428 320 1567 370 Sponte
1582 334 1657 358 sua
1671 335 1770 370 quae

158 401 196 426 se
219 386 364 425 tollunt
388 386 435 423 in
464 386 629 423 luminis
652 399 751 432 oras,
779 385 863 423 also
888 397 902 422 1
936 386 1010 423 197
1036 385 1161 423 multo
1186 390 1355 434 spectata
1383 383 1510 422 labore
1531 384 1771 433 Deqenerare

159 455 299 495 tamen,
338 449 383 486 ni
410 448 469 485 vis
496 448 674 486 humana
702 448 924 497 quotannis,
957 448 1008 484 45
1038 447 1224 497 Depresso
1253 446 1420 496 incipiat
1447 446 1530 483 iam
1559 452 1645 483 tum
1671 445 1772 484 milii

161 518 300 549 taurus
332 517 468 549 aratro
496 512 596 548 with
625 524 810 561 passages
839 510 880 548 of
909 510 1025 548 Lucr.
1061 509 1335 559 immediately
1364 509 1570 559 following
1597 508 1668 546 the
1697 522 1772 546 one

160 575 238 612 last
267 573 426 624 quoted,
457 584 483 611 v
513 574 589 611 206
619 574 666 611 id
691 580 840 611 natura
867 587 942 611 sua
970 573 1011 610 vi
1039 571 1222 610 Sentibus
1247 571 1423 618 obducat,
1450 571 1498 608 ni
1516 571 1575 608 vis
1593 571 1770 609 bumana

160 637 314 675 resistat
336 636 443 674 Vitai
472 650 593 674 causa
621 637 754 674 valido
783 642 964 674 consueta
994 635 1141 673 bidenti
1169 635 1369 683 Inqemere
1396 639 1432 672 et
1458 639 1603 671 terram
1625 634 1770 684 pressis

155 699 404 749 proscindere
431 699 588 746 aratris,
607 699 683 736 212
705 699 849 748 Sponte
876 712 950 736 sua
975 703 1165 747 nequeant
1193 697 1368 746 liquidas
1397 697 1555 734 existere
1572 697 1620 734 in
1638 710 1770 743 auras,

161 762 215 800 Et
253 768 382 800 tamen
414 762 617 799 interdum
644 775 787 811 maqno
817 762 995 810 quaesita
1032 762 1171 808 labore,
1203 761 1280 798 216
1310 760 1392 798 Aut
1420 760 1542 798 subiti
1564 766 1770 810 peremunt

162 824 302 862 imbris
326 824 552 873 yelidaeque
575 824 751 873 pruinae
770 823 997 873 Flabraque
1026 830 1228 862 ventorum
1255 823 1419 861 violento
1446 822 1599 860 turbine
1619 828 1768 860 vexant.

161 887 260 925 Just
292 887 399 925 after
431 887 563 925 where
596 900 656 924 we
685 888 824 936 began,
865 887 942 924 376
974 886 1144 935 Friqora
1180 900 1247 924 nec
1286 892 1442 924 tantum
1470 899 1572 923 cana
1601 891 1775 923 concreta

157 950 314 1000 pruina
343 950 440 987 with
472 961 519 987 111
551 950 601 987 20
631 963 751 999 neque
780 949 852 986 nix
879 949 964 986 acri
992 955 1170 986 concreta
1195 948 1370 998 pruina:
1403 947 1479 986 402
1509 947 1634 997 Atque
1661 947 1709 984 in
1736 961 1773 984 se

163 1025 237 1051 sua
252 1026 325 1062 per
343 1013 503 1062 vestiqia
521 1012 690 1050 volvitur
709 1025 840 1049 annus
859 1011 959 1048 with
981 1022 1021 1048 1v
1038 1010 1115 1049 472
1135 1010 1216 1056 Qui
1235 1010 1360 1060 capite
1379 1010 1460 1060 ipse
1479 1023 1554 1048 sua
1568 1010 1617 1047 in
1635 1009 1772 1047 statuit

163 1080 325 1128 vestiqia
340 1093 414 1117 sese
433 1093 440 1117 ε
472 1079 549 1116 428
578 1078 625 1116 Vi
639 1077 809 1128 propria
828 1077 1016 1114 nituntur
1036 1075 1193 1125 opisque
1213 1075 1322 1114 baud
1336 1076 1479 1125 indiqa
1497 1082 1652 1114 nostrae
1671 1075 1771 1112 with

165 1153 197 1180 11
218 1143 296 1180 650
316 1142 414 1192 Ipsa
438 1142 523 1179 suis
542 1141 691 1191 pollens
717 1140 864 1190 opibus,
891 1140 954 1177 nil
976 1139 1122 1188 indiqa
1146 1139 1292 1176 nostri:
1324 1139 1398 1177 461
1429 1139 1510 1177 foll.
1533 1138 1581 1177 Si
1599 1151 1680 1176 non
1698 1142 1770 1175 cet.

164 1206 265 1243 with
296 1217 327 1243 11
353 1205 403 1242 24
431 1205 478 1243 Si
506 1218 586 1242 non
611 1208 700 1241 ceta
731 1203 807 1241 475
830 1202 895 1240 Me
915 1216 1000 1240 vero
1017 1203 1197 1252 primum
1217 1202 1346 1240 dulces
1372 1208 1462 1240 ante
1488 1202 1624 1240 omnia
1643 1214 1775 1239 musae

168 1268 351 1314 Quarum
369 1282 482 1306 sacra
489 1267 582 1316 fero
610 1267 764 1316 inqenti
789 1280 1000 1316 percussus
1028 1279 1168 1312 amore,
1201 1266 1279 1304 478
1310 1265 1491 1314 Defectus
1518 1266 1613 1303 solis
1639 1265 1773 1303 varios

166 1333 353 1384 lunaeque
379 1334 534 1380 labores,
563 1333 670 1370 Unde
692 1339 832 1370 tremor
848 1332 986 1379 terris3
1017 1332 1094 1368 482
1117 1331 1300 1378 Hiberni,
1322 1331 1380 1369 vel
1397 1345 1497 1380 quae
1517 1330 1645 1368 tardis
1664 1344 1774 1368 mora

165 1397 342 1435 noctibus
362 1396 476 1434 obstet
494 1396 594 1433 with
615 1408 629 1433 1
652 1396 729 1433 923
749 1395 950 1433 Percussit
977 1395 1107 1444 thyrso
1134 1395 1267 1432 laudis
1291 1408 1375 1444 spes
1400 1408 1546 1443 maqna
1565 1408 1694 1432 meum
1712 1407 1777 1431 cor

165 1459 221 1497 Et
246 1459 369 1497 simul
395 1459 562 1497 incussit
589 1472 749 1496 suavem
777 1458 833 1495 mi
861 1459 908 1496 in
933 1465 1069 1508 pectus
1095 1471 1266 1495 amorem
1284 1458 1507 1505 Illusarum,
1528 1468 1555 1494 v
1576 1457 1649 1496 751
1673 1456 1776 1496 Solis

166 1522 258 1560 item
288 1536 439 1572 quoque
471 1521 641 1571 defectus
682 1522 872 1572 lunaeque
902 1521 1078 1568 latebras,
1110 1532 1152 1559 v1
1183 1520 1258 1559 287
1290 1521 1390 1558 Inde
1419 1527 1560 1559 tremor
1587 1527 1720 1568 terras,
1750 1532 1777 1557 v

168 1586 245 1625 699
274 1592 397 1624 noctes
425 1586 584 1623 liiberno
619 1592 782 1636 tempore
814 1585 948 1634 lonqae
975 1583 1154 1624 Cessant:
1186 1584 1400 1621 490—492
1423 1583 1536 1622 Felix
1559 1585 1629 1634 qui
1643 1584 1775 1633 potuit

164 1663 299 1688 rerum
325 1663 540 1700 coqnossere
568 1663 707 1687 causas
734 1653 808 1687 cet.
831 1650 933 1686 have
962 1649 1063 1686 been
1092 1648 1302 1698 compared
1330 1652 1374 1685 ab
1394 1659 1407 1685 1
1429 1647 1479 1686 78
1499 1648 1599 1685 with
1618 1648 1777 1686 various

167 1727 241 1752 vss.
273 1713 316 1752 of
345 1714 482 1751 Lucr.:
513 1713 590 1751 500
613 1713 717 1759 Quos
744 1713 851 1750 rami
869 1712 1044 1762 fructus,
1075 1725 1170 1761 quos
1198 1712 1287 1761 ipsa
1314 1711 1481 1749 volentia
1507 1724 1608 1748 rura
1635 1710 1777 1761 Sponte

168 1777 288 1815 tulere
307 1791 392 1824 sua,
410 1776 557 1826 carpsit
577 1776 786 1826 compared
802 1777 854 1826 by
867 1775 1044 1814 Macrob.
1068 1775 1167 1813 with
1182 1787 1208 1811 V
1225 1774 1300 1813 937
1320 1774 1434 1821 Quod
1444 1774 1502 1813 sol
1512 1781 1625 1824 atque
1639 1774 1778 1812 imbres

166 1842 362 1888 dederant,
386 1841 492 1891 quod
510 1847 615 1879 terra
627 1848 778 1879 crearat
790 1841 933 1891 Sponte
952 1855 1037 1889 sua,
1055 1841 1152 1878 satis
1164 1841 1208 1877 id
1223 1846 1318 1879 ceta:
1340 1841 1418 1878 510
1431 1840 1606 1889 qaudent
1620 1839 1777 1890 perfusi

167 1905 360 1955 sanquine
380 1904 566 1954 fratrum
594 1917 718 1954 comp.
750 1905 850 1942 with
881 1916 929 1942 111
960 1905 1011 1943 72
1033 1904 1220 1943 Crudeles
1243 1903 1416 1953 qaudent
1439 1904 1480 1940 in
1509 1904 1614 1941 tristi
1626 1903 1776 1954 funere

159 1968 332 2018 fratris:
364 1969 441 2006 523
472 1968 602 2006 dulces
625 1969 793 2018 pendent
822 1968 972 2006 circum
1000 1967 1131 2006 oscula
1157 1967 1246 2004 nati
1268 1967 1367 2004 with
1396 1978 1444 2004 111
1466 1967 1542 2004 895
1564 1981 1630 2005 nec
1649 1967 1776 2005 dulces

168 2038 369 2069 occurrent
389 2030 520 2069 oscula
538 2031 626 2069 nati
655 2031 894 2080 Praeripere
1050 2030 1124 2067 449
1154 2029 1313 2076 viribus,
1335 2029 1410 2067 450
1430 2029 1498 2076 vis,
1520 2029 1595 2066 451
1614 2029 1774 2076 viribus,

168 2095 244 2133 452
263 2095 414 2133 viribus
431 2110 438 2133 :
468 2107 532 2131 see
552 2108 590 2131 n.
612 2098 656 2132 bo
676 2105 689 2131 1
712 2094 800 2132 875.
914 2093 989 2136 450
1010 2093 1161 2131 auctior
1178 2093 1213 2130 is
1228 2092 1324 2130 used
1345 2093 1397 2143 by
1414 2092 1560 2131 Caesar
1575 2092 1678 2143 Livy
1697 2093 1776 2131 and

170 2158 313 2197 others.
453 2158 529 2196 456
558 2157 803 2207 ceufumus:
835 2157 912 2194 614
941 2164 1149 2206 vestemque
1167 2157 1385 2206 relinquere
1414 2156 1502 2208 (se),
1533 2163 1579 2194 ut
1606 2157 1751 2206 anquis
1767 2171 1777 2205 3

171 2221 302 2259 where
322 2220 441 2258 Laoh.
458 2221 502 2257 in
521 2234 677 2258 answer
696 2225 739 2259 to
759 2220 928 2271 Madvig
948 2233 1079 2270 opusc.
1101 2233 1158 2270 pr.
1181 2232 1218 2269 p.
1236 2220 1325 2266 312,
1344 2219 1432 2256 who
1451 2219 1632 2269 objec‘oed
1647 2224 1690 2257 to
1709 2220 1777 2258 the

171 2285 333 2330 nomin„
361 2288 502 2334 quotes
522 2284 604 2321 also
632 2284 708 2321 426
730 2284 950 2321 minoribus
969 2297 1044 2321 esse
1064 2282 1281 2332 Principiis
1290 2281 1446 2331 factam
1465 2296 1585 2331 quam
1605 2283 1779 2332 liquidus

171 2361 286 2385 umor
305 2347 430 2396 aquai
443 2361 454 2395 3
474 2359 515 2385 1V
529 2347 605 2385 698
622 2347 840 2385 maioribus
860 2360 934 2385 esse
954 2352 1126 2384 creatum
1145 2345 1369 2394 Principiis
1388 2359 1511 2394 quam
1525 2359 1615 2393 vooe5
1633 2358 1677 2383 as
1689 2346 1779 2383 well

173 2424 215 2449 as
245 2411 446 2460 examples
474 2410 577 2449 from
606 2411 740 2448 Varro
769 2410 849 2447 and
878 2410 1031 2447 others:
1063 2408 1183 2459 ‘Livy
1209 2419 1294 2445 XLII
1322 2408 1370 2446 37
1399 2408 1423 2445 8
1451 2408 1632 2446 AIessenii
1654 2408 1779 2458 adque

173 2474 282 2521 Elii3
311 2473 400 2511 Tac.
423 2487 513 2511 ann.
537 2484 617 2510 xl11
641 2474 688 2511 19
712 2474 810 2523 pari
829 2486 873 2510 ac
894 2473 1000 2510 Nero
1018 2472 1149 2521 qradu
1169 2470 1379 2524 [Neronem
1398 2471 1438 2508 N
1442 2471 1520 2521 ipp.
1544 2469 1716 2524 Ritter]’
1735 2470 1775 2509 J.

174 2536 218 2575 E.
254 2536 332 2574 M.:
366 2536 447 2574 and
476 2549 520 2574 so
548 2536 686 2574 Cicero
715 2536 885 2582 himself,
917 2535 1082 2585 writing
1109 2538 1153 2572 to
1181 2533 1336 2581 Caesar,
1369 2533 1421 2572 ad
1448 2534 1539 2571 Att.
1562 2545 1606 2571 lx
1629 2534 1673 2571 11
1693 2534 1735 2571 A
1755 2534 1778 2571 3

174 2599 335 2636 eandem
366 2611 425 2636 me
449 2598 614 2636 saluiem
639 2612 665 2636 a
688 2604 722 2636 te
747 2598 931 2647 accepisse
951 2597 1094 2646 putavi
1123 2610 1243 2645 quam
1269 2596 1345 2634 ille.
1403 2596 1484 2634 For
1502 2597 1572 2633 the
1591 2608 1711 2646 usage
1736 2595 1780 2632 in

175 2660 307 2699 Greek
336 2672 401 2697 see
430 2659 588 2698 Dobree
615 2659 769 2698 advers.
802 2671 833 2697 11
862 2672 898 2709 p.
933 2658 1155 2696 223-226,
1229 2658 1364 2708 Comp.
1389 2658 1466 2696 598
1488 2658 1700 2695 Emanarit
1718 2657 1780 2694 uti

163 2724 311 2774 fumus
331 2723 477 2771 diffusa
495 2724 650 2761 animae
669 2725 740 2771 vis,
761 2723 843 2761 and
863 2724 1010 2760 Sextus
1030 2721 1118 2760 adv.
1141 2721 1264 2759 math.
1283 2733 1327 2759 IX
1349 2720 1398 2760 72
1430 2720 1490 2759 καὶ
1510 2721 1591 2760 καθ’
1612 2719 1723 2760 αὑτάς
1742 2720 1781 2758 δὲ

176 2784 390 2835 διαμένουσι
409 2785 469 2823 καὶ
489 2784 570 2836 οὐχ,
591 2785 637 2826 ὦς
657 2785 784 2838 ἔλεγεν
796 2785 816 2824 ὁ
835 2785 1061 2835 Ἐπίκουρος,
1085 2784 1336 2823 ἀπολυθεῖσαι
1353 2786 1425 2826 τῶν
1438 2783 1620 2834 σωμάτων
1641 2786 1781 2821 καπνοῦ

177 2850 279 2901 δίκην
307 2849 544 2889 σκίδνανται;
573 2852 644 2890 the
662 2865 770 2890 same
789 2851 962 2901 metaph.
984 2851 1026 2888 in
1049 2850 1166 2888 Plato
1186 2850 1333 2888 Phaed.
1357 2850 1408 2889 70
1432 2850 1559 2900 ὥσπερ
1586 2851 1731 2899 πνεῦμα
1757 2847 1782 2900 ἢ

178 2912 314 2953 καπνὸς
333 2912 658 2953 διασκεδασθεῖσα.
718 2915 793 2953 458
811 2914 924 2963 fessa
932 2913 1078 2963 fatisci
1098 2925 1231 2950 recurs
1250 2924 1276 2950 V
1297 2913 1386 2952 308.

257 2976 377 3015 459-
390 2976 480 3015 525:
509 2977 639 3027 again,
661 2991 704 3016 as
724 2978 794 3016 the
820 2977 927 3027 body
951 2977 985 3015 is
1017 2976 1137 3014 liable
1157 2981 1200 3015 to
1219 2976 1381 3022 disease,
1405 2989 1447 3014 so
1466 2976 1500 3014 is
1519 2976 1588 3013 the
1608 2975 1720 3013 mind
1739 2979 1782 3014 bo
