1987 3267
155 178 239 219 224
722 172 846 204 BOOK
876 171 931 202 111
992 170 1136 202 Nonas
1166 170 1201 201 11

154 281 449 319 cudo...lacerat
467 284 566 316 exest
585 277 767 315 animum
779 275 975 324 planeque
992 272 1156 322 conficit.
1270 273 1344 311 996
1360 271 1494 320 fasces
1506 281 1579 312 cet.
1595 290 1603 313 :
1623 284 1650 312 v
1665 273 1769 312 1234

150 344 334 395 pulchros
351 342 481 393 fascis
508 352 712 389 saevasque
737 351 904 386 secure83
937 338 1039 374 Aen.
1065 347 1106 374 VI
1134 335 1212 373 819
1245 334 1434 374 Consulis
1461 336 1678 385 imperium
1704 336 1770 375 hic

148 408 308 458 primus
323 418 528 455 saevasque
543 416 692 441 secures
706 401 898 450 Accipiet:
927 400 971 437 in
986 399 1102 437 Lucr.
1123 397 1228 435 Nam
1243 405 1371 447 petere
1386 399 1600 448 imperium
1615 399 1769 438 follows

153 468 435 518 immediately.
551 467 624 504 997
654 463 833 502 Imbibit:
855 474 897 500 VI
912 463 962 500 72
978 468 1019 499 ut
1033 475 1078 498 ex
1090 462 1156 499 ira
1170 474 1318 511 poenas
1335 468 1461 511 petere
1477 461 1630 500 inbibat
1645 462 1769 500 acris:

155 532 266 570 Fore.
285 532 395 582 gives
415 529 616 579 examples
635 527 677 565 of
695 527 777 564 this
796 539 866 564 use
886 525 989 563 from
1011 524 1150 562 Cicero
1170 524 1250 562 and
1267 524 1381 574 Livy.
1494 525 1595 563 1000
1624 525 1770 563 nimam-

155 602 246 633 tem:
277 607 318 632 1v
343 594 420 632 506
444 594 630 640 nixatur,
660 601 701 627 Vl
733 589 810 627 836
843 589 984 626 nifcari
993 603 1000 625 z
1035 588 1212 626 lexicons
1242 588 1334 638 give
1364 600 1418 625 no
1447 588 1564 626 other
1586 588 1770 626 instance

155 663 298 709 except
317 658 420 696 Aen.
443 668 468 693 v
490 656 578 702 279,
601 655 732 691 where
752 652 897 690 indeed
918 651 1044 689 MPV
1065 652 1168 689 have
1187 650 1417 698 Nixantem,
1440 650 1480 688 R
1499 650 1730 690 Nexantem.

158 721 412 759 1001-1002
440 719 580 769 Odyss.
609 719 635 754 λ
659 717 736 754 595
759 714 872 752 ’Ἡτοι
895 712 917 753 o‘
945 715 1013 763 μὲν
1042 712 1340 762 σκηριπτόμενος
1362 712 1493 764 χερσίν
1519 729 1560 751 τε
1588 713 1703 753 ποσίν
1729 731 1773 754 τε

157 786 266 822 Λᾶαν
298 782 371 823 ἅνω
400 781 542 821 ὤθεσκε
571 779 659 817 ποτὶ
693 778 831 827 λόφον·
867 774 954 814 ἀλλ’
981 776 1045 814 ὅτε
1075 776 1214 826 μέλλοι
1239 774 1380 826 ’Ἄκρον
1405 775 1670 826 ὑπερβαλέειν,
1695 775 1772 816 τότ’

156 846 450 896 ἀποστρέψασκε
470 843 650 893 κραταιίς·
681 839 794 880 Αὖτις
815 841 942 878 ἔπειτα
960 838 1114 877 πέδονδε
1136 838 1327 878 κυλίνδετο
1347 839 1444 879 λᾶας
1462 837 1623 889 ἀναιδής.

157 911 259 949 1001
285 922 446 947 rusum:
482 919 545 944 see
561 920 598 944 n.
614 910 657 943 to
674 906 723 942 45
740 917 916 954 prosum.
1047 903 1148 941 1004
1167 903 1317 953 explere
1339 906 1434 940 cet.;
1465 902 1624 940 Nonius
1639 915 1675 953 p.
1693 902 1772 940 424

161 973 323 1023 ‘expleri
349 977 390 1009 et
419 969 562 1009 satiari
591 970 693 1006 hanc
721 968 873 1005 habent
904 966 1191 1004 differentiam:
1226 965 1374 1016 expleri
1397 969 1459 1003 est
1492 963 1773 1003 tantummodo

157 1037 319 1087 plenum
348 1047 442 1080 esse,
471 1032 614 1071 satiari
640 1044 760 1081 supra
787 1030 947 1067 modum
972 1034 1014 1067 et
1037 1029 1342 1068 abundantiam.
1402 1028 1615 1066 Lucretius
1640 1027 1707 1066 lib.
1730 1038 1772 1065 vl

159 1098 311 1136 Deinde
329 1097 459 1135 animi
474 1097 675 1145 inyratam
689 1100 880 1130 viaturam
891 1105 1048 1142 pascere
1063 1105 1221 1141 semper,
1237 1093 1362 1141 Atque
1377 1091 1525 1141 emplere
1539 1090 1648 1129 bonis
1660 1089 1775 1129 rebus

158 1162 379 1210 satiareque
411 1172 641 1208 numquam.
701 1156 757 1193 M.
798 1155 954 1193 Tullius
987 1155 1037 1193 de
1071 1168 1113 1193 re
1145 1155 1307 1205 publica
1333 1155 1400 1192 lib.
1430 1165 1472 1192 VI
1499 1166 1638 1203 qraves
1667 1153 1774 1192 enim

159 1225 341 1262 dominae
366 1227 439 1260 cet.
462 1235 563 1271 quae
586 1220 682 1270 quia
706 1233 773 1256 nec
800 1219 947 1268 expleri
972 1231 1040 1256 nec
1068 1218 1214 1256 satiari
1238 1218 1320 1254 ullo
1342 1217 1452 1255 modo
1472 1216 1658 1267 possunt’
1678 1223 1772 1255 cet.:

159 1288 229 1325 the
249 1285 379 1324 words
398 1297 466 1322 are
486 1283 720 1335 practically
742 1295 880 1332 synon.
905 1282 1001 1319 both
1024 1282 1066 1318 in
1089 1282 1204 1319 Lucr.
1228 1281 1307 1318 and
1329 1281 1467 1319 Cicero
1487 1281 1577 1318 who
1602 1280 1645 1317 in
1672 1279 1776 1318 Cato

161 1352 211 1389 47
233 1351 303 1387 has
322 1348 478 1387 satiatis
497 1362 584 1386 vero
604 1354 638 1385 et
657 1346 818 1396 expletis
839 1346 935 1382 with
958 1347 1027 1383 the
1046 1346 1163 1383 order
1182 1344 1375 1383 inverted.
1491 1344 1590 1382 1005
1624 1343 1776 1382 circum

160 1427 250 1451 eum
264 1412 428 1450 redeunt
444 1423 648 1461 expresses
669 1409 855 1447 Homer's
875 1408 1157 1457 περιπλομένων
1179 1409 1358 1445 ἐνιαυτῶν.
1467 1407 1567 1445 1010
1582 1411 1775 1456 potestwr:

161 1489 225 1514 see
244 1489 281 1513 n.
305 1482 347 1513 to
368 1486 381 1512 Ι
406 1475 508 1512 1045
529 1480 705 1523 queatur.

244 1540 341 1577 1011
373 1551 436 1576 see
457 1543 572 1576 notes
596 1538 612 1574 1
636 1536 716 1574 and
738 1536 900 1574 Servius
920 1535 1058 1582 there,
1088 1533 1166 1570 and
1195 1546 1317 1583 comp.
1342 1533 1422 1571 Cic.
1445 1533 1559 1571 Tusc.
1584 1544 1598 1570 1
1629 1532 1679 1571 10
1698 1532 1774 1580 dic,

162 1615 313 1651 quaeso,
329 1615 428 1639 num
448 1607 480 1638 te
501 1599 575 1637 illa
590 1604 745 1643 terrent,
763 1598 903 1647 triceps
918 1597 1030 1647 apud
1039 1596 1190 1646 inferos
1206 1595 1408 1643 Cerberus,
1428 1594 1564 1645 Cocyti
1570 1595 1775 1645 fremitus,

164 1665 344 1703 travectio
363 1662 603 1708 Acherontis,
621 1661 763 1698 Mento
783 1673 977 1698 summam
993 1673 1137 1709 aquam
1155 1659 1360 1709 attingens
1373 1663 1538 1696 enectus
1551 1659 1619 1696 siti
1632 1658 1778 1696 Tanta.-

164 1729 236 1773 lus,
259 1734 344 1765 tum
362 1726 470 1764 illud
488 1725 594 1776 quod
612 1724 797 1774 Sisyphu’
813 1728 946 1760 versat
963 1722 1111 1760 Saxum
1132 1721 1280 1759 sudans
1295 1721 1462 1759 nitendo
1477 1734 1606 1772 neque
1620 1721 1778 1772 proficit

165 1791 302 1836 hilum,
312 1789 484 1839 fortasse
500 1789 619 1826 etiam
634 1786 894 1825 inexorabiles
906 1785 1055 1823 iudices
1070 1784 1206 1822 Minos
1218 1790 1252 1821 et
1265 1783 1624 1822 Rhadamanthus?
1652 1783 1696 1821 in
1708 1783 1779 1822 the

166 1854 243 1892 lost
264 1866 338 1890 vss.
357 1853 537 1890 mention
554 1863 644 1901 may
658 1850 746 1887 well
763 1850 863 1886 have
880 1849 980 1885 been
1000 1847 1116 1884 made
1135 1847 1177 1884 of
1196 1846 1382 1896 Cocytus,
1401 1847 1601 1892 Acheron,
1618 1844 1778 1884 Rhada-

166 1916 356 1954 manthus
375 1928 420 1953 or
440 1915 586 1960 Minos,
603 1913 683 1951 and
703 1912 745 1950 of
766 1912 918 1949 Ixion's
937 1911 1208 1961 punishment,
1227 1909 1306 1946 and
1322 1910 1417 1946 thus
1432 1908 1694 1947 antecedents
1707 1913 1778 1960 got

167 1979 230 2017 for
251 1978 331 2025 Qui
350 1984 461 2016 sunt:
491 1978 533 2014 in
560 1989 664 2027 geor.
690 1987 731 2013 1v
757 1976 910 2013 Ixion’s
931 1974 1055 2011 wheel
1079 1974 1112 2011 is
1141 1972 1371 2010 mentioned
1397 1973 1441 2009 in
1464 1972 1534 2010 the
1562 1985 1670 2011 same
1688 1986 1777 2025 way

168 2042 352 2092 together
371 2041 469 2078 with
492 2041 695 2085 Tartarus,
719 2038 915 2076 Cerberus
941 2037 1022 2074 and
1048 2036 1118 2074 the
1144 2035 1268 2073 furies
1277 2050 1287 2083 ;
1315 2035 1395 2073 and
1419 2035 1482 2073 his
1501 2036 1627 2073 wheel
1647 2036 1779 2075 would

170 2105 258 2142 well
278 2107 484 2154 represent
503 2115 609 2141 some
629 2102 670 2140 of
690 2102 758 2139 the
773 2101 1054 2151 punishments
1069 2112 1121 2137 on
1136 2098 1251 2136 earth
1267 2098 1417 2148 spoken
1433 2097 1476 2135 of
1494 2098 1716 2149 presently:
1735 2099 1780 2137 in

171 2167 244 2205 Ov.
266 2172 357 2204 met.
382 2178 424 2203 1v
445 2166 521 2204 465
541 2166 660 2203 Ixion
680 2165 714 2202 is
734 2164 994 2214 conspicuous
1013 2175 1159 2212 among
1177 2161 1247 2198 the
1267 2165 1349 2198 rest
1357 2176 1367 2209 3
1388 2173 1452 2198 see
1466 2166 1534 2198 too
1554 2160 1643 2199 Sen.
1662 2162 1776 2212 epist.

174 2230 223 2267 24
239 2230 287 2267 18
303 2243 384 2266 non
403 2242 491 2267 sum
511 2235 591 2266 tam
610 2228 770 2277 ineptus
788 2233 834 2264 ut
853 2227 1074 2276 epicuream
1088 2224 1330 2262 cantilenam
1343 2223 1505 2261 hocloco
1518 2237 1735 2274 persequaa·
1744 2231 1780 2264 et

172 2292 304 2330 dicam
330 2305 450 2329 vanos
474 2304 549 2329 esse
568 2290 790 2340 inferorum
809 2296 943 2335 metus,
965 2302 1033 2326 nec
1052 2287 1235 2325 Iaeionem
1253 2293 1339 2324 rota
1358 2286 1462 2324 volvi
1481 2299 1550 2325 nec
1573 2292 1668 2335 cet.;
1691 2288 1781 2338 just

173 2355 300 2393 below
312 2355 362 2392 he
377 2355 583 2392 continues
602 2367 714 2391 nemo
735 2359 816 2390 tam
830 2365 935 2402 puer
953 2358 1005 2389 est
1020 2357 1065 2388 ut
1082 2349 1291 2389 Cerberum
1306 2350 1440 2387 timeat
1454 2356 1488 2387 et
1503 2350 1678 2389 tenebras
1689 2355 1779 2390 cet.:

174 2429 297 2467 comp.
320 2416 434 2454 Lucr.
460 2416 646 2455 Cerberus
665 2415 851 2465 etfuriae
871 2415 954 2452 iam
971 2427 1058 2452 vero
1077 2420 1112 2451 ec
1131 2413 1232 2450 lucis
1250 2419 1410 2462 eyestas:
1430 2412 1458 2449 J
1462 2425 1526 2450 uv.
1542 2424 1619 2450 xm
1634 2413 1681 2451 51
1697 2413 1781 2453 also

175 2480 246 2517 has
266 2479 345 2517 Nec
364 2485 451 2516 rota
469 2491 538 2516 nec
545 2478 692 2528 furiae
711 2491 778 2516 nec
798 2491 939 2516 saxum
957 2484 1029 2514 auc
1047 2476 1220 2514 mauris
1239 2480 1312 2514 cet.
1328 2489 1336 2513 ε
1366 2476 1463 2526 they
1482 2488 1586 2514 none
1605 2476 1647 2515 of
1670 2477 1781 2515 them

174 2541 308 2593 forget
326 2542 457 2580 Ixion.
624 2541 722 2580 1012
750 2547 932 2579 eructans
938 2540 1135 2590 faucibus
1153 2545 1301 2577 aestus:
1327 2539 1430 2576 Aen.
1453 2549 1494 2575 VI
1523 2538 1598 2577 297
1621 2540 1782 2578 Aestuat

175 2611 290 2654 atque
309 2616 461 2641 omnem
481 2602 620 2653 Cocyto
639 2610 787 2642 eructat
813 2603 1015 2650 harenam,
1039 2603 1117 2641 240
1141 2602 1292 2639 halitus
1313 2602 1415 2639 atris
1438 2601 1639 2640 Faucibus
1660 2601 1781 2652 effemi-

177 2668 281 2705 (lens.
414 2666 511 2704 1015
539 2666 678 2704 luella:
708 2680 772 2705 see
790 2680 828 2705 n.
849 2671 893 2705 to
914 2678 927 2704 1
950 2666 998 2704 39
1019 2665 1223 2715 loquellas:
1252 2665 1334 2702 this
1354 2664 1464 2703 word
1484 2678 1609 2703 seems
1627 2670 1671 2703 to
1690 2666 1740 2704 be
1757 2679 1781 2704 a

179 2728 282 2775 ἅπαξ
298 2727 427 2782 λεγόμ.
614 2729 711 2767 1017
742 2729 862 2767 robur
881 2734 988 2766 must
1007 2729 1056 2766 be
1076 2728 1146 2765 the
1165 2727 1304 2765 lowest
1323 2727 1509 2778 dungeon
1528 2727 1572 2764 in
1591 2740 1616 2764 a.
1632 2728 1780 2777 prison,

178 2791 303 2829 hence
333 2789 458 2828 called
482 2803 613 2828 carcer
637 2791 818 2841 inferior,
840 2791 928 2828 into
951 2790 1082 2828 which
1108 2790 1310 2828 criminals
1333 2802 1437 2828 were
1459 2790 1619 2827 thrown
1648 2789 1781 2830 before

180 2854 409 2892 execution:
448 2852 537 2891 Tac.
566 2866 656 2890 ann.
687 2865 728 2891 lv
755 2853 804 2891 29
833 2854 954 2891 robur
984 2859 1018 2891 et
1047 2866 1188 2891 samum
1216 2859 1289 2890 aut
1315 2853 1619 2903 parricidarum
1637 2866 1782 2903 poenas

184 2916 462 2954 minitantium
471 2930 480 2962 3
509 2915 612 2965 Livy
627 2927 786 2954 xxxvln
808 2917 858 2954 59
882 2916 930 2954 10
950 2922 996 2953 ut
1014 2916 1061 2953 in
1079 2928 1242 2953 carcere.
1253 2945 1260 2952 .
1271 2915 1519 2953 includatur
1536 2922 1572 2953 et
1589 2916 1636 2953 in
1651 2916 1781 2955 robore

182 2985 217 3017 et
236 2978 401 3016 tenebris
415 2978 597 3027 exspiret:
619 2979 687 3016 the
702 2979 857 3017 famous
870 2979 990 3017 robur
1006 2978 1253 3025 Tullianum,
1269 2979 1352 3015 still
1365 2983 1407 3016 to
1419 2978 1469 3017 be
1481 2991 1574 3016 seen
1586 2983 1630 3016 at
1642 2978 1779 3026 Rome,
