1987 3267
201 191 286 230 214
766 185 887 216 BOOK
921 184 974 214 III
1036 183 1179 215 NOTES
1211 183 1245 213 11

199 291 304 341 ἡμεῖς
324 289 448 339 ἐσμέν.
509 289 588 328 Cic.
612 289 725 326 Tuso.
749 288 848 337 disp.
872 299 886 325 1
914 287 965 324 90
990 300 1057 324 nec
1079 286 1217 336 pluris
1245 299 1351 323 nuno
1367 284 1504 335 facere
1523 285 1580 323 M.
1603 284 1816 325 Camillum

198 353 267 392 hoc
286 353 395 391 civile
415 351 556 390 bellum
574 365 696 400 quam
714 364 777 399 eqo
797 349 864 387 illo
884 350 970 387 vivo
977 348 1146 398 fecerim
1165 348 1334 386 Romam
1353 355 1517 398 captam.

281 416 357 454 843
386 416 422 454 si
441 416 542 453 iam:
573 427 637 452 see
657 428 693 451 n.
717 419 760 451 to
781 424 795 450 1
821 412 917 451 968:
947 412 1016 449 the
1043 411 1293 461 assumption
1321 411 1355 448 is
1381 411 1423 449 of
1452 424 1589 450 course
1608 411 1718 451 false.
1776 412 1814 450 si

198 479 282 517 iam
302 485 433 517 nostro
452 478 568 515 sentit
587 482 680 514 cet:
702 475 896 524 similarly
911 474 1099 511 involved
1119 474 1162 511 in
1182 474 1458 511 construction
1477 487 1544 512 are
1565 485 1578 512 1
1596 475 1673 513 566
1688 475 1814 525 possit

199 549 328 580 tamen
355 541 489 579 omnia
513 540 626 578 reddi
653 538 795 576 Mollia
823 539 921 587 quae'
939 536 1197 586 fiunt...Quo
1224 543 1336 586 pacto
1354 536 1464 585 fiant
1492 542 1588 586 cet.;
1618 538 1694 576 632
1722 537 1815 576 Non

194 611 360 656 possunt
379 618 425 643 ea
439 617 538 654 quae
554 603 657 641 debet
670 601 858 651 qenitalis
873 601 1007 639 habere
1021 601 1205 638 Materies
1213 614 1223 648 3
1245 600 1322 638 648
1335 600 1371 637 si
1382 606 1515 649 partes
1529 600 1637 650 iqnis
1651 600 1815 639 eandem

199 668 401 706 IVaturam
420 680 542 716 quam
562 672 664 703 totus
682 664 791 702 habet
811 678 926 714 super
945 664 1055 713 ignis
1080 663 1280 711 baberent;
1311 674 1341 700 11
1372 663 1474 701 1133
1500 670 1648 713 quanto
1673 669 1726 702 est
1753 677 1815 702 res

199 731 382 782 amplior,
414 729 598 779 auqmine
626 727 816 777 adempto,
847 727 901 764 Et
929 740 1005 776 quo
1035 726 1152 764 latior
1179 732 1242 772 est,
1274 726 1318 763 in
1345 732 1506 763 cunctas
1533 730 1630 774 cet.;
1663 737 1705 763 Vl
1737 726 1814 764 158

207 795 350 834 Ventus
368 794 473 831 enim
492 806 582 830 cum
601 790 1053 840 confercitfranquntur
1071 789 1119 826 in
1138 795 1273 826 artum
1288 787 1468 827 Concreti
1482 794 1629 826 montes
1643 793 1716 827 cet.
1733 788 1816 826 and

203 858 278 896 176
299 857 406 895 Fecit
425 862 470 893 ut
489 861 579 893 ante
599 867 734 892 cavam
754 853 871 891 docui
890 853 1108 903 spissescere
1128 852 1287 900 nubem;
1316 852 1400 890 also
1421 863 1469 890 111
1491 851 1566 890 261
1589 851 1669 890 Sed
1686 858 1816 890 tamen

199 928 243 958 ut
267 927 398 971 potero
427 919 654 957 summatim
687 917 877 966 attingere
915 923 1077 966 tanqam
1086 930 1097 964 ;
1139 927 1180 953 1v
1221 915 1323 954 1119
1354 915 1434 953 Nec
1463 915 1628 965 reperire
1664 915 1817 955 mabam

199 984 246 1021 id
278 988 440 1033 possunt
476 995 577 1031 quae
614 980 796 1018 machina
836 980 992 1027 vincatg
1035 980 1110 1017 193
1143 980 1327 1029 primum
1360 979 1468 1028 quod
1497 979 1666 1029 parvola
1695 993 1816 1018 causa

200 1046 270 1083 Est
294 1045 436 1096 procul
463 1059 488 1082 a
517 1051 618 1093 teryo
647 1057 746 1093 quae
773 1043 959 1093 provehat
989 1050 1102 1093 atque
1127 1043 1338 1092 propellat:
1377 1042 1482 1080 On'd
1512 1042 1546 1080 is
1574 1042 1687 1081 often
1718 1055 1816 1094 very

200 1109 411 1146 licentious
439 1121 490 1145 on
514 1107 596 1145 this
626 1106 745 1144 head:
777 1119 901 1156 comp.
924 1120 988 1143 ars
1018 1118 1031 1143 1
1065 1106 1160 1154 3393
1189 1119 1309 1144 amor.
1336 1117 1382 1144 111
1414 1107 1437 1143 5
1471 1107 1518 1144 13
1553 1106 1612 1154 14,
1635 1105 1715 1145 and
1748 1107 1816 1155 183

199 1173 275 1209 ibis
297 1172 339 1219 33
358 1185 408 1209 ex
429 1171 561 1209 Ponto
581 1182 595 1208 1
620 1171 635 1208 1
662 1171 732 1218 80,-
763 1171 785 1208 5
808 1171 878 1218 795
907 1170 989 1208 her.
1017 1170 1064 1208 10
1089 1170 1175 1209 110.
1227 1167 1379 1223 [Comp.
1403 1170 1487 1207 also
1506 1169 1639 1208 Plaut.
1663 1170 1812 1221 Amph.

199 1248 280 1284 arg.
303 1245 317 1271 1
338 1235 360 1273 7
383 1234 577 1283 Bleplcaro
597 1240 734 1283 captus
753 1233 908 1281 arbiter,
937 1233 1029 1271 Uter
1054 1234 1103 1271 sit
1128 1247 1209 1271 non
1227 1233 1315 1283 quit
1338 1233 1577 1283 Amphitruo
1600 1233 1798 1272 decernere
1805 1247 1817 1282 3

198 1297 250 1336 ib.
273 1311 309 1334 v.
333 1298 403 1344 843
428 1297 575 1335 Catull.
601 1297 650 1334 66
677 1296 728 1334 40
752 1296 897 1334 adiuro
921 1303 1028 1345 teque
1052 1302 1239 1345 tuumque
1259 1301 1388 1345 caput,
1410 1295 1549 1345 Diqna
1563 1295 1688 1345 ferat,
1709 1297 1817 1346 quod

198 1360 234 1398 si
262 1361 350 1409 quis
378 1359 558 1397 inaniter
585 1359 792 1396 adiurarit
807 1373 817 1406 ;
848 1359 986 1396 Lucan
1015 1370 1056 1396 lx
1085 1359 1162 1395 568
1191 1359 1306 1409 (corr.
1329 1359 1382 1409 by
1403 1359 1572 1410 Madvig
1597 1359 1687 1398 adv.
1717 1370 1749 1398 11
1775 1373 1813 1411 p.

202 1421 294 1472 133)
324 1422 390 1459 An
417 1422 468 1459 sit
500 1422 582 1459 vita
616 1421 739 1459 brevis
776 1420 837 1458 m'l
874 1420 1038 1470 lonqane
1075 1422 1230 1471 differat
1259 1425 1406 1469 aetas?;
1450 1422 1641 1473 Calpurn.
1681 1434 1725 1461 lx
1764 1423 1817 1462 60

201 1485 374 1523 Munera
419 1498 588 1534 namque
636 1484 775 1522 dedi...
790 1484 963 1522 Vocalem
1001 1484 1132 1534 lonyos
1169 1499 1269 1534 quae
1307 1485 1419 1523 ducit
1455 1487 1609 1524 aedona
1645 1483 1815 1540 cantus]

199 1547 315 1587 Lucr.
339 1549 469 1599 might
489 1548 592 1585 have
612 1549 778 1585 written
798 1548 891 1585 here
912 1548 964 1585 Et
990 1548 1025 1585 si
1048 1548 1131 1585 iam
1155 1549 1278 1595 sentit,
1302 1555 1434 1586 nostro
1454 1555 1541 1596 cet„
1564 1550 1640 1588 but
1659 1563 1719 1589 we
1737 1550 1816 1590 feel

198 1614 268 1651 the
297 1620 459 1664 present
488 1613 604 1651 order
632 1619 676 1651 to
701 1614 748 1651 be
778 1626 885 1650 more
912 1613 1161 1663 impressive:
1194 1627 1289 1664 very
1309 1615 1462 1652 similar
1484 1615 1518 1652 is
1537 1626 1565 1653 v
1588 1615 1662 1655 177
1683 1616 1817 1657 Natus

199 1678 306 1715 enim
335 1677 437 1714 debet
465 1677 701 1726 quicumque
729 1683 781 1714 est
809 1676 899 1714 velle
929 1690 1084 1715 rnanere
1112 1677 1168 1715 In
1195 1678 1287 1724 vita,
1319 1678 1451 1715 where
1482 1678 1532 1716 he
1557 1679 1688 1730 might
1714 1680 1816 1719 have

199 1741 363 1777 written
397 1740 514 1778 Debet
547 1741 663 1787 enim,
697 1747 817 1777 natus
847 1740 1084 1790 quicumque
1111 1747 1175 1786 est,
1199 1740 1289 1778 velle
1314 1745 1408 1788 cet.;
1447 1741 1561 1792 Virg.
1595 1742 1664 1780 ecl.
1698 1753 1731 1781 11
1765 1744 1814 1781 12

199 1805 251 1840 At
286 1817 434 1842 mecum
466 1804 600 1841 raucis
631 1810 701 1841 tua
735 1803 831 1841 dum
868 1803 1029 1852 vestiqia
1063 1802 1186 1841 lustro
1223 1803 1308 1841 Sole
1341 1803 1411 1841 sub
1445 1804 1601 1842 ardenti
1632 1813 1816 1844 resonant

199 1867 360 1904 arbusta
397 1867 553 1913 cicadis,
587 1866 730 1912 where,
766 1879 810 1903 as
841 1866 862 1903 Ι
897 1866 998 1903 have
1030 1866 1162 1904 learnt
1199 1866 1300 1904 from
1336 1866 1398 1904 Dr
1428 1867 1475 1904 B.
1509 1867 1563 1905 H.
1598 1867 1813 1920 Kennedy,

199 1943 347 1967 mecum
367 1929 532 1980 belongs
552 1934 595 1967 to
617 1930 687 1966 the
708 1929 840 1966 clause
860 1935 932 1967 tua
951 1929 1047 1967 dum
1067 1935 1162 1968 cet:
1193 1929 1327 1981 Virgil
1351 1938 1419 1968 too
1444 1931 1574 1982 might
1600 1931 1702 1970 have
1727 1931 1814 1970 said

202 1995 252 2030 At
266 1993 410 2040 raucis,
428 2006 579 2030 mecum
592 1997 681 2030 cet:
703 2005 767 2030 see
779 1993 863 2030 also
878 2006 916 2029 n.
934 1997 978 2030 to
992 2004 1023 2030 11
1039 1993 1116 2030 250
1130 1992 1480 2032 Declinare—sese.
1557 1993 1633 2033 845
1646 2001 1814 2045 comptu:

201 2068 265 2093 see
298 2069 336 2093 n.
369 2060 412 2093 to
445 2067 460 2093 1
495 2056 573 2093 950
607 2062 767 2105 compta.
946 2056 1020 2094 847
1051 2055 1131 2094 foll.
1171 2056 1253 2094 Nec
1282 2056 1319 2094 si
1351 2057 1551 2095 materiem
1580 2062 1653 2096 cet.
1690 2057 1814 2096 refers

201 2118 394 2168 probably
416 2124 458 2156 to
482 2131 588 2156 some
615 2119 758 2169 theory
779 2119 859 2157 like
885 2119 968 2156 this
997 2120 1040 2156 in
1063 2119 1112 2157 St
1137 2120 1290 2157 Austin
1313 2119 1388 2158 civ.
1409 2120 1473 2157 dei
1500 2131 1589 2158 xxn
1616 2121 1667 2159 28
1695 2121 1814 2160 mira

203 2181 323 2219 bilius
356 2188 487 2219 autem
517 2183 708 2231 quiddam
737 2183 900 2221 1llareus
939 2183 1059 2220 Varro
1084 2183 1203 2233 ponit
1235 2183 1281 2220 in
1319 2179 1558 2232 libris'quos
1587 2185 1815 2235 conscripsit

203 2244 250 2282 de
274 2251 381 2294 qente
406 2246 548 2294 populi
572 2246 756 2294 Romani,
788 2247 904 2284 cuius
924 2246 1069 2296 putavi
1090 2245 1204 2284 verba
1228 2246 1318 2295 ipsa
1336 2246 1540 2295 ponenda:
1571 2247 1817 2296 ‘yenethliaci

203 2307 370 2356 quidam
401 2309 663 2358 scripserunt'
695 2310 828 2359 inquit
863 2313 955 2347 ‘esse
983 2310 1030 2347 in
1062 2308 1311 2347 renascendis
1343 2308 1564 2348 hominibus
1592 2324 1713 2360 quam
1748 2325 1814 2362 ap-

201 2369 348 2418 pellant
377 2371 673 2423 παλιγγενεσίαν
703 2371 840 2410 Graeci
849 2386 861 2409 .·
892 2372 966 2410 hac
993 2372 1234 2421 scripserunt
1263 2371 1399 2421 confici
1427 2372 1473 2410 in
1502 2373 1625 2411 annis
1652 2387 1814 2414 numero

203 2433 505 2482 quadrinqentis
523 2435 803 2484 quadraqinta,
825 2441 870 2472 ut
888 2434 991 2473 idem
1010 2448 1150 2485 corpus
1169 2441 1203 2473 et
1222 2435 1355 2473 eadem
1373 2436 1522 2483 anima,
1543 2449 1643 2486 quae
1649 2436 1815 2486 fuerint

203 2495 415 2533 coniuncta
451 2496 500 2533 in
536 2496 690 2536 bomine
728 2497 957 2547 aliquando,
999 2499 1130 2536 eadem
1166 2512 1309 2536 rursus
1345 2498 1506 2537 redeant
1541 2499 1588 2537 in
1631 2501 1815 2539 coniunc-

205 2557 374 2596 tionem'.
487 2558 563 2596 848
594 2572 716 2610 comp.
740 2560 829 2598 857.
943 2561 1018 2599 850
1037 2560 1117 2599 foll.
1145 2561 1240 2598 ι010.
1263 2561 1378 2600 Tuso.
1402 2572 1416 2599 1
1438 2562 1485 2599 91
1497 2575 1508 2610 ;
1537 2561 1730 2601 Prodicus
1749 2577 1810 2614 ap.

204 2619 306 2657 Plat.
331 2620 500 2658 Axioch.
526 2622 602 2660 369
626 2622 676 2659 B'
699 2623 738 2661 J.
762 2624 808 2661 E.
832 2624 888 2661 M.
1048 2624 1123 2662 851
1153 2624 1375 2674 repetentia,
1396 2625 1566 2662 another
1585 2625 1695 2664 word
1714 2639 1815 2665 com-

203 2696 297 2720 mon
317 2684 413 2734 only
432 2689 476 2721 to
496 2685 578 2721 him
599 2686 678 2723 and
700 2687 762 2724 his
781 2692 970 2725 constant
988 2687 1170 2725 imitator
1184 2687 1392 2725 Arnobius
1412 2688 1502 2726 who
1520 2689 1639 2726 twice
1656 2702 1748 2727 uses
1765 2689 1812 2736 it,

206 2756 238 2783 11
260 2746 310 2783 26
331 2746 490 2784 oblitam
510 2748 719 2801 (animam)
739 2752 844 2799 quod
859 2751 984 2800 paulo
1003 2757 1092 2788 ante
1110 2749 1251 2788 sciebat
1265 2763 1309 2788 ex
1323 2751 1504 2800 oppositu
1517 2751 1690 2801 corporis
1701 2752 1814 2789 amit—

205 2813 282 2845 tere
310 2810 563 2859 repetentiam
586 2812 784 2860 priorum,
815 2813 894 2850 and
925 2813 974 2850 28
1003 2813 1111 2862 quod
1136 2813 1244 2850 enim
1271 2813 1384 2851 rebus
1411 2814 1598 2863 inqressis
1628 2814 1814 2864 priorwn

205 2871 456 2920 repetentiam
483 2872 663 2921 detrahit,
699 2881 732 2912 et
760 2876 870 2913 intra
903 2889 940 2913 se
975 2881 1079 2925 qesta
1105 2875 1383 2913 inrecordabili
1408 2875 1513 2913 debet
1548 2876 1813 2914 obliteratione

205 2933 431 2982 deperdere:
460 2935 494 2972 it
517 2935 552 2972 is
577 2936 675 2974 then
699 2938 843 2976 almost
873 2938 1028 2976 certain
1052 2938 1144 2975 that
1171 2937 1379 2976 Arnobius
1397 2937 1523 2976 found
1541 2938 1752 2988 repetentia
1768 2938 1812 2976 in

206 2994 319 3033 Luer.
345 2997 425 3034 and
445 2997 494 3034 he
514 3010 638 3036 seems
658 3004 701 3036 to
720 3000 769 3038 be
789 3000 985 3051 referring
1003 3001 1101 3038 both
1121 3004 1164 3038 to
1183 3000 1265 3038 this
1280 3013 1316 3038 v,
1334 2999 1416 3038 and
1431 3000 1527 3039 675:
1547 2999 1812 3038 Lachmann's
