1987 3267
166 177 248 207 222
731 171 856 202 BOOK
886 170 941 200 ΙΙΙ
1002 168 1146 199 NOTES
1177 168 1214 199 11

165 294 290 321 vove-t:
320 291 442 328 comp.
471 281 539 315 too
569 275 664 313 Eur.
691 273 818 323 Hipp.
851 272 926 310 183
957 270 1058 309 Οὔδέ
1084 270 1122 310 σ’
1151 270 1304 320 οἶρέσκει
1331 270 1376 309 τὸ
1403 269 1526 321 παρὸν
1551 270 1596 310 ‘td
1626 269 1657 310 δ’
1687 269 1783 310 οἷπὸν

166 345 347 394 φίλτερον
374 340 468 394 ήγῇε
502 339 582 377 and
612 339 728 375 inscr.
762 336 849 373 Lat.
888 347 904 373 1
938 335 1041 372 1453
1079 333 1194 380 Quod
1212 333 1346 384 fuyis,
1378 335 1486 384 quod
1516 334 1652 383 iactas,
1688 334 1783 374 tibei

164 408 270 458 quod
284 407 426 444 datur:
455 415 635 453 spernere
654 400 758 438 noli:
788 412 852 436 see
872 412 910 436 n.
933 402 977 436 to
998 409 1039 435 1v
1060 398 1150 435 885.
1284 395 1377 450 [960
1406 411 1531 449 comp.
1555 398 1658 436 Stat.
1681 398 1779 438 Silv.

166 482 197 509 11
219 471 242 508 2
266 470 342 508 128
362 467 471 506 abire
494 472 687 516 paratum
707 463 762 500 Ac
786 462 951 512 plenum
977 459 1090 514 vita]
1231 461 1305 499 962
1333 474 1520 510 maynus:
1550 461 1641 501 Seu.
1663 463 1778 512 epist.

169 534 244 572 110
260 533 361 571 disce
380 543 502 581 parvo
523 541 598 566 8338
617 531 816 564 contentus
835 531 870 562 et
889 525 1005 562 illam
1023 538 1149 562 vocem
1175 537 1347 573 maqnus
1365 531 1481 574 atque
1499 525 1705 564 animosus
1723 538 1782 563 eoo-

164 596 311 643 clama3
332 593 474 648 [Mart.
492 603 551 630 vn
570 591 620 627 44
638 591 660 626 5
681 601 850 637 maynus
869 600 990 625 comes
1009 587 1135 625 emulis
1149 585 1248 641 ista]
1304 588 1478 626 concede:
1498 587 1583 626 Ter.
1603 587 1685 626 hec.
1703 588 1780 627 597

165 659 245 697 Hic
266 659 376 697 video
395 669 453 695 me
474 669 548 694 esse
567 653 738 691 invisam
753 652 960 689 inmerito:
979 657 1130 701 tempus
1148 657 1201 689 ε3ι
1220 650 1429 689 concedere.
1535 651 1608 690 963
1632 651 1778 700 incitet,

166 736 218 760 an
239 721 305 760 old
324 720 433 758 word
454 717 579 756 found
600 717 642 754 in
663 716 813 753 Accius
838 715 1040 752 Pacuvius
1060 714 1140 752 and
1161 714 1350 753 Lucilius.
1483 715 1557 753 966
1579 715 1659 753 Nec
1678 715 1782 765 quis-

165 799 286 836 quam
305 789 378 822 cet.
396 783 471 821 but
491 782 553 818 his
572 783 721 817 matter
741 778 775 815 is
790 777 888 815 used
907 776 971 814 for
990 777 1060 814 the
1079 778 1237 827 growth
1257 777 1299 815 of
1318 777 1435 815 other
1454 777 1602 828 things.
1707 779 1781 818 969

165 855 256 887 ante
275 848 384 885 llaec:
413 846 526 883 these
546 856 642 893 very
662 842 801 892 things
822 841 951 878 which
972 853 1062 878 now
1082 840 1246 878 flourish
1267 839 1320 890 by
1340 853 1442 890 your
1459 839 1597 891 decay,
1618 841 1720 880 have
1739 842 1782 880 in

166 911 283 950 other
311 909 603 948 combinations
629 906 752 943 fallen
785 904 1024 942 themselves
1047 917 1091 941 as
1114 917 1193 954 you
1228 917 1318 942 now
1347 903 1430 951 fall,
1463 904 1544 942 and
1573 905 1616 942 in
1644 904 1783 944 future

167 973 458 1012 combinations
480 970 559 1008 will
580 969 652 1007 fall
672 969 801 1019 again.
960 968 1031 1006 971
1064 980 1184 1018 every
1204 980 1280 1005 one
1300 967 1372 1004 has
1391 968 1460 1005 the
1479 981 1588 1013 usus,
1609 968 1689 1006 and
1709 973 1783 1008 not

167 1038 261 1087 only
289 1037 358 1074 the
384 1048 490 1081 usus,
513 1035 588 1071 but
616 1033 685 1070 the
714 1045 810 1069 usus
834 1037 870 1069 et
886 1031 1055 1081 fructus
1063 1045 1074 1079 3
1102 1032 1163 1068 for
1188 1045 1265 1068 usu
1291 1031 1325 1068 is
1351 1031 1557 1069 doubtless
1580 1036 1655 1082 put
1683 1032 1782 1070 with

167 1100 335 1152 poetical
360 1099 520 1149 brevity
549 1097 613 1135 for
641 1096 899 1146 usufructu:
938 1094 1202 1144 ususfructus
1235 1108 1326 1144 says
1355 1094 1426 1132 the
1459 1094 1600 1145 digest,
1633 1102 1687 1134 est
1717 1095 1783 1136 ius

166 1164 309 1202 alienis
327 1163 440 1200 rebus
458 1160 598 1199 utendi
606 1159 795 1210 fruendi,
816 1158 926 1196 salva
946 1172 1082 1196 rerum
1101 1158 1340 1196 substantia:
1361 1158 1430 1196 the
1450 1172 1548 1196 usus
1562 1173 1644 1197 was
1663 1160 1783 1198 much

167 1240 274 1266 more
293 1226 468 1274 limited5
496 1226 566 1263 the
583 1224 752 1274 fructus
772 1222 953 1260 includes
978 1222 1048 1259 the
1071 1236 1176 1269 usus,
1200 1226 1272 1260 not
1300 1222 1370 1259 the
1396 1235 1492 1260 usus
1516 1222 1587 1260 the
1603 1221 1779 1272 fructus.

167 1291 311 1329 Curius
331 1303 422 1340 says
441 1293 484 1327 to
505 1288 654 1334 Cicero,
673 1286 723 1324 ad
744 1286 836 1323 fam.
860 1297 919 1323 vn
942 1285 991 1323 29
1013 1287 1044 1333 1,
1062 1299 1150 1323 sum
1169 1286 1276 1323 enim
1291 1283 1429 1335 χρήσει
1448 1285 1516 1334 μὲν
1530 1291 1632 1332 tuus,
1651 1285 1784 1335 κτήσει

166 1353 205 1392 δὲ
233 1353 357 1391 Attici
384 1352 511 1389 nostri
521 1365 535 1397 ;
563 1363 652 1399 erqo
673 1349 843 1400 fructus
872 1355 925 1386 est
956 1355 1060 1394 tuus,
1090 1347 1340 1396 mancipium
1367 1347 1506 1395 illiu33
1534 1347 1614 1386 and
1644 1347 1783 1387 Cicero

167 1417 309 1467 replies
327 1416 372 1453 in
393 1415 444 1453 30
466 1415 488 1451 2
509 1414 625 1452 cuius
647 1412 815 1463 (Attici)
835 1411 1027 1461 quoniam
1040 1411 1256 1461 proprium
1275 1417 1308 1448 te
1328 1424 1403 1448 esse
1423 1410 1562 1448 scribis
1580 1411 1783 1462 mancipio

165 1486 199 1517 et
229 1492 337 1526 neaeo,
366 1491 499 1515 meum
522 1483 656 1514 autem,
681 1488 758 1512 usu
783 1481 817 1512 et
839 1474 999 1524 fructu,
1036 1481 1239 1512 contentus
1269 1474 1343 1511 isto
1368 1488 1466 1512 sum.
1525 1474 1573 1512 id
1595 1481 1649 1513 est
1673 1475 1784 1514 enim

165 1543 353 1592 cuiusque
376 1541 602 1591 proprium,
631 1552 706 1588 quo
735 1538 898 1588 quisque
914 1538 1086 1587 fruitur
1110 1545 1225 1588 atque
1253 1537 1386 1575 utitur
1394 1551 1404 1585 ;
1434 1537 1538 1588 Livy
1558 1549 1637 1575 va
1661 1539 1709 1577 13
1733 1540 1781 1577 15

166 1606 565 1643 Allasinissam..usu
594 1602 709 1652 reyni
742 1608 966 1639 contentum
998 1601 1096 1638 scire
1130 1600 1356 1638 dominium
1384 1607 1419 1638 et
1449 1600 1515 1638 ius
1547 1614 1682 1640 eorum
1711 1601 1783 1652 qui

165 1669 344 1707 dederint
372 1680 456 1706 esse.
519 1667 602 1704 But
628 1670 773 1702 nature
792 1665 903 1715 gives
929 1669 971 1702 to
998 1678 1103 1702 none
1132 1664 1201 1702 the
1227 1664 1477 1714 mancipium
1499 1678 1546 1702 eoe
1567 1664 1657 1703 iure
1688 1665 1783 1713 Qui-

165 1731 319 1778 ritium,
352 1731 423 1768 the
452 1730 527 1767 full
554 1729 634 1767 and
661 1728 844 1766 absolute
872 1728 1098 1778 ownership
1123 1727 1165 1765 of
1189 1727 1258 1765 life
1267 1742 1277 1775 3
1307 1727 1376 1765 life
1406 1728 1440 1765 is
1463 1728 1558 1778 only
1586 1728 1691 1778 lent3
1729 1730 1782 1768 its

165 1794 350 1833 usufruct
376 1807 420 1831 as
446 1793 516 1831 the
542 1793 673 1842 digest
696 1805 787 1843 says
812 1792 846 1829 is
876 1792 971 1842 only
1000 1791 1065 1829 ius
1095 1791 1242 1828 alienis
1275 1791 1388 1829 rebus
1420 1791 1560 1830 utendi
1578 1791 1781 1844 fruendi3

166 1871 259 1895 man
286 1859 321 1895 is
350 1870 473 1895 never
501 1856 688 1895 dominus
696 1872 706 1905 3
736 1861 882 1893 nature
910 1855 1031 1906 keeps
1057 1855 1126 1893 the
1146 1855 1373 1892 dominium
1395 1859 1439 1892 to
1464 1855 1629 1893 herself:
1659 1855 1782 1903 Quae-

166 1921 269 1966 dam,
297 1921 332 1959 si
353 1921 481 1958 credis
505 1919 707 1967 consultis,
728 1918 933 1968 mancipat
951 1932 1058 1967 usus,
1089 1932 1180 1969 says
1211 1918 1382 1965 Horace,
1411 1917 1487 1956 but
1515 1923 1588 1957 not
1612 1918 1682 1958 life
1689 1935 1699 1969 3
1729 1932 1782 1959 no

166 1986 358 2036 usucapio
378 1986 412 2023 is
433 1987 475 2023 in
495 1985 604 2023 force
630 1985 741 2022 here:
773 1982 852 2023 οὔτι
877 1983 950 2036 γὰρ
977 1983 1187 2033 κεκτήμεθα
1208 1983 1413 2033 Ἡμέτερον
1441 1982 1535 2022 αὐτὸ
1560 1983 1665 2034 πλὴν
1694 1987 1782 2023 ἐνοι-

168 2051 283 2098 κῆσαι
307 2049 408 2099 βίον,
436 2062 528 2099 says
558 2047 784 2098 Euripides,
806 2060 850 2085 or
875 2047 1097 2094 Moschion,
1120 2047 1162 2085 of
1190 2048 1260 2085 the
1289 2047 1405 2098 body.
1465 2044 1535 2100 [So
1559 2052 1627 2086 too
1653 2047 1776 2086 Lucil.

168 2123 282 2149 xxvll
304 2112 326 2150 6
349 2111 453 2150 Cum
471 2111 596 2149 sciam
614 2111 677 2148 nil
703 2123 777 2148 esse
803 2110 852 2147 in
873 2111 956 2148 vita
980 2111 1196 2160 proprium
1220 2109 1382 2147 mortali
1404 2109 1554 2157 datum,
1576 2109 1680 2159 Iam,
1700 2125 1782 2161 qua

168 2181 384 2223 tempestate
403 2174 501 2220 vivo,
523 2173 679 2211 cliresin
698 2174 754 2211 ad
770 2187 829 2211 me
848 2173 1015 2223 recipio3
1043 2173 1197 2210 Arnob.
1223 2184 1254 2210 11
1276 2173 1325 2211 27
1346 2185 1424 2209 usu
1443 2179 1478 2210 et
1497 2172 1582 2211 illis
1605 2180 1659 2211 est
1684 2174 1780 2222 vita,

167 2251 250 2275 non
268 2237 468 2286 mancipio
489 2237 650 2275 tradita.
709 2250 835 2274 manc.
859 2237 940 2274 and
960 2250 1037 2274 usu
1058 2236 1080 2273 Ι
1102 2236 1197 2274 take
1216 2240 1259 2273 to
1279 2236 1328 2273 be
1348 2234 1569 2274 ablatives:
1598 2249 1642 2274 so
1662 2237 1782 2289 Roby

167 2313 332 2351 gramm.
360 2305 416 2350 pt.
450 2311 482 2337 11
512 2313 548 2350 p.
582 2298 742 2353 val11.]
854 2300 929 2338 973
961 2313 1082 2349 quam
1113 2298 1318 2336 nascimur
1346 2304 1455 2336 ante:
1486 2309 1529 2336 lv
1557 2299 1635 2337 884
1660 2313 1783 2350 quam

168 2376 276 2401 mens
289 2363 468 2412 providit
487 2363 589 2412 quid
607 2364 699 2401 velit
721 2370 831 2406 ante:
862 2375 904 2401 VI
929 2363 1006 2402 979
1027 2363 1334 2413 quam...prius:
1365 2372 1414 2398 111
1437 2362 1514 2400 358
1534 2362 1557 2399 I
1577 2375 1667 2400 now
1686 2362 1782 2401 read

168 2439 290 2476 qua-m
308 2425 519 2475 eaepellitur
537 2433 647 2464 ante:
679 2439 802 2476 comp.
825 2426 912 2464 Tib.
936 2437 950 2463 1
972 2426 995 2463 3
1018 2425 1059 2474 9‚·
1092 2436 1137 2462 IV
1158 2426 1180 2462 7
1202 2425 1225 2461 8
1246 2437 1369 2473 quam
1389 2437 1499 2462 meus
1517 2431 1608 2462 ante
1616 2439 1627 2473 3
1655 2424 1778 2464 Mart.

169 2499 213 2526 lx
233 2489 283 2525 35
305 2488 328 2525 6
348 2501 469 2537 quam
482 2488 587 2525 venit
601 2495 704 2526 ante.
816 2489 890 2527 976
919 2488 1124 2526 horribile:
1154 2487 1296 2524 Pascal
1307 2486 1434 2524 found
1446 2487 1482 2524 it
1496 2500 1556 2527 so:
1579 2488 1731 2538 ‘quand
1739 2488 1784 2538 je

169 2552 373 2590 considere
398 2552 438 2589 la
462 2552 589 2602 petite
613 2552 734 2590 duree
759 2552 810 2590 de
835 2565 901 2590 ma
921 2553 997 2599 vie,
1018 2552 1209 2590 absorbes
1228 2551 1329 2589 dans
1349 2551 1547 2589 l'eternite
1565 2551 1784 2602 precedant

169 2620 211 2653 et
229 2616 429 2662 suivant„
442 2615 504 2664 .je
523 2628 561 2651 m
565 2615 743 2653 ’effraiess
885 2616 960 2654 977
991 2616 1140 2654 Seneca
1159 2620 1268 2652 must
1287 2615 1390 2652 have
1409 2615 1511 2652 been
1530 2614 1723 2666 thinking
1741 2613 1784 2653 of

169 2678 284 2716 Lucr.
319 2677 531 2716 830—977
564 2678 680 2715 when
713 2678 763 2716 he
798 2678 957 2729 penned
990 2678 1105 2728 epist.
1143 2679 1194 2715 54
1222 2678 1246 2715 4
1275 2690 1380 2715 mors
1404 2683 1458 2714 est
1485 2690 1569 2714 non
1595 2689 1682 2714 8338.
1740 2676 1787 2716 id

169 2740 282 2790 quale
301 2741 353 2778 sit
371 2740 455 2777 iam
473 2740 561 2778 scio.
619 2741 687 2778 hoc
707 2742 783 2779 erit
796 2748 886 2792 post
904 2755 963 2779 me
983 2742 1091 2791 quod
1107 2748 1198 2778 ante
1217 2740 1385 2790 mefuit.
1408 2741 1444 2778 si
1463 2739 1602 2790 quid
1585 2754 1633 2778 in
1651 2740 1723 2778 hac
1741 2753 1783 2778 re

170 2803 353 2840 tormenti
372 2810 435 2850 est,
457 2816 602 2841 necesse
623 2811 676 2841 est
701 2811 735 2842 et
753 2804 888 2854 fuisse
913 2811 1004 2842 ante
1024 2817 1145 2854 quam
1157 2803 1412 2853 prodiremus
1432 2802 1481 2839 in
1499 2802 1644 2840 lucem:
1670 2801 1784 2852 atqui

169 2865 326 2903 nullam
344 2866 536 2903 sensimus
558 2872 652 2903 tunc
674 2867 941 2905 vexationem:
971 2867 1112 2918 (comp.
1136 2867 1214 2904 832
1234 2872 1411 2904 anteacto
1429 2865 1491 2903 nil
1517 2872 1682 2915 tempore
1701 2879 1784 2903 sen-

169 2927 295 2964 simus
321 2927 494 2978 aeyri)..
510 2928 709 2978 utrimque
736 2943 824 2967 vero
852 2929 936 2966 alta
958 2929 1148 2966 securitas
1171 2933 1266 2966 cet:
1297 2929 1435 2977 (comp.
1466 2927 1542 2966 977
1569 2940 1653 2965 non
1675 2927 1784 2965 omni

171 3002 307 3027 somno
336 2991 513 3028 securius
540 2991 689 3041 exstat).
749 2993 878 3031 Arist.
911 2993 990 3030 eth.
1020 2991 1062 3029 N
1064 2993 1175 3030 icom.
1209 3002 1257 3028 111
1289 2991 1312 3029 9
1339 2991 1439 3028 with
1461 2995 1575 3028 truer
1599 2990 1778 3036 instinct,
