1987 3267
735 148 859 180 BOOK
891 149 945 179 ΙΙΙ
1006 148 1151 180 NOTES
1183 149 1218 179 II
1705 154 1781 183 221

151 252 362 303 fuqitivus
390 258 424 290 et
453 251 681 289 erro...iam
706 265 840 289 somno
858 251 1007 301 fallere
1038 265 1181 289 curas:
1208 252 1391 299 Frustra,
1424 266 1521 290 nam
1549 267 1670 291 comes
1698 262 1786 293 atra

158 315 308 365 premit
334 315 588 365 sequiturque
606 315 808 365 fuqacem,
838 315 898 354 od.
927 326 957 353 11
991 315 1040 353 16
1071 315 1118 353 19
1144 315 1304 365 patriae
1332 315 1424 364 quis
1450 316 1541 353 exul
1567 317 1614 355 Se
1638 331 1788 368 quoque

151 378 272 430 fuyit
286 381 320 427 ?;
360 379 475 429 epist.
512 390 528 416 1
565 379 614 417 14
651 379 700 417 13
734 379 790 417 In
819 379 937 428 culpa
966 385 1019 416 est
1051 378 1217 416 animus
1249 378 1322 428 qui
1351 392 1388 416 se
1422 392 1504 416 non
1538 380 1674 431 fftyit
1703 395 1788 420 um-

163 456 295 493 quam.

248 506 324 544 939
354 506 465 556 capis
490 520 670 544 securam
696 512 790 544 cet:
822 505 894 544 Ov.
918 506 1015 544 fasti
1047 518 1087 544 VI
1114 507 1188 544 331
1217 505 1496 556 placidamque
1521 507 1626 556 capit
1652 521 1788 546 secura

164 569 350 620 quietem:
381 582 504 619 comp.
528 569 628 607 with
650 570 759 607 what
779 570 966 620 precedes
987 570 1076 607 Sen.
1097 570 1145 608 de
1166 569 1295 608 benef.
1322 581 1369 607 111
1392 570 1415 607 4
1436 570 1504 607 hoc
1528 570 1608 608 loco
1628 572 1788 609 redden-

165 634 265 672 dum
283 639 336 670 est
356 632 535 682 Epicuro
555 632 824 670 testimonium
844 632 917 682 qui
936 632 1104 670 adsidue
1127 633 1314 682 queritur
1332 633 1441 682 quod
1464 634 1653 672 adversus
1675 649 1789 684 prae-

165 696 284 735 terita
303 696 428 734 simus
447 695 613 745 inyrati,
636 696 742 745 quod
758 710 1023 746 quaecumque
1048 696 1295 746 percepimus
1315 696 1416 734 bona
1445 711 1527 734 non
1552 698 1789 736 reducamus

164 773 234 798 nec
253 759 360 797 inter
374 759 590 809 voluptates
604 773 866 806 numeremus,
883 772 973 797 cum
992 759 1134 797 certior
1149 759 1265 796 nulla
1284 759 1335 796 sit
1355 759 1536 809 voluptas
1555 773 1675 810 quam
1690 775 1788 811 quae

165 823 251 861 iam
269 823 374 873 eripi
394 837 477 860 non
490 829 625 872 potest.
740 822 812 860 941
836 822 882 860 in
901 822 1110 871 offensust:
1141 822 1288 872 offensa
1307 823 1351 860 in
1372 823 1530 871 Oicero;
1559 837 1602 862 as
1622 825 1672 862 ad
1694 826 1784 863 Att.

166 897 210 924 IX
233 886 255 923 2
276 900 300 923 a
322 887 343 923 2
365 899 484 935 neqas
505 892 537 923 te
557 885 739 923 dubitare
758 885 862 935 quin
882 899 1030 934 mayna
1057 885 1104 923 in
1130 886 1276 935 offensa
1303 886 1381 923 sim
1401 887 1514 936 apud
1534 887 1786 937 Pompeium:

165 962 209 987 so
228 949 276 987 in
296 948 468 996 invidia,
491 948 538 986 in
557 948 713 996 honore,
735 948 783 985 in
802 961 933 986 amore
953 962 1046 986 esse:
1078 960 1118 986 1v
1142 949 1245 987 1156
1267 950 1360 987 Esse
1383 949 1430 986 in
1450 949 1604 988 deliciis
1623 964 1789 989 summo-

165 1025 239 1063 que
258 1012 306 1050 in
324 1012 470 1050 honore
488 1011 627 1062 viqere.
743 1011 818 1050 943
848 1012 952 1064 (cur)
966 1012 1061 1049 Non
1076 1017 1150 1051 cet.
1163 1012 1293 1062 finem
1300 1013 1433 1063 facis:
1458 1014 1560 1052 1093
1577 1015 1650 1064 qui
1659 1014 1789 1064 finem
1803 1002 1812 1014 '

165 1076 268 1114 vitai
284 1076 408 1126 fecit:
447 1076 517 1114 the
543 1075 688 1125 phrase
713 1075 748 1113 is
777 1089 875 1126 very
898 1089 1092 1116 common.
1242 1077 1316 1116 945
1357 1077 1491 1115 eadem
1526 1085 1621 1117 sunt
1651 1079 1789 1117 omnia

165 1153 324 1190 semper,
351 1139 425 1178 947
455 1140 589 1177 eadem
614 1146 746 1177 tamen
775 1139 911 1176 omnia
935 1147 1103 1178 restant:
1134 1154 1176 1178 so
1200 1154 1291 1191 says
1319 1142 1389 1180 the
1413 1142 1604 1190 preacher
1630 1154 1644 1180 1
1676 1143 1698 1180 9
1729 1142 1788 1180 the

166 1203 281 1253 thiny
301 1203 384 1242 that
405 1203 499 1241 hath
521 1203 612 1241 been
632 1203 668 1240 is
691 1203 774 1240 that
795 1203 922 1240 which
942 1203 1044 1240 shall
1060 1203 1110 1250 be,
1130 1204 1216 1242 and
1233 1204 1316 1242 that
1335 1205 1463 1243 which
1481 1205 1517 1242 is
1537 1205 1636 1244 done
1655 1205 1691 1243 is
1707 1206 1788 1244 that

165 1266 293 1305 which
313 1267 414 1304 shall
434 1267 475 1305 be
495 1267 618 1313 done,·
641 1266 728 1304 and
746 1266 849 1304 there
868 1266 904 1304 is
923 1280 975 1304 no
995 1281 1082 1304 new
1102 1267 1214 1316 thiny
1230 1269 1360 1306 under
1380 1269 1439 1307 the
1455 1283 1541 1307 sun.
1658 1269 1734 1308 948
1752 1270 1789 1308 si

160 1344 317 1380 perqas,
342 1330 415 1368 949
442 1330 479 1368 si
498 1343 723 1379 numquam
745 1329 800 1367 sis
825 1329 1066 1368 moriturus:
1097 1330 1120 1367 I
1144 1330 1272 1368 doubt
1291 1331 1474 1370 whether
1502 1332 1525 1370 I
1553 1332 1657 1370 have
1685 1332 1788 1370 done

167 1394 278 1444 right
303 1394 347 1431 in
371 1393 539 1444 reading
560 1406 705 1443 perqas
730 1392 794 1431 for
810 1406 949 1443 peryes
974 1393 1016 1431 of
1041 1406 1131 1432 mss.
1163 1394 1207 1431 in
1239 1394 1448 1433 deference
1476 1400 1520 1434 to
1545 1395 1685 1433 Lamb.
1707 1396 1788 1434 and

167 1457 309 1495 Lach.:
340 1457 434 1494 here
452 1455 522 1494 the
542 1456 715 1494 decisive
735 1456 883 1504 future,
907 1456 1091 1495 followed
1114 1458 1168 1507 by
1188 1457 1259 1495 the
1277 1471 1387 1496 more
1411 1459 1633 1510 hesitating
1652 1463 1788 1509 poten-

166 1521 242 1559 tial
261 1520 316 1558 sis
335 1520 558 1558 moriturus
576 1521 620 1558 in
640 1534 664 1558 a
684 1533 773 1559 ease
792 1520 923 1558 which
943 1525 1052 1559 must
1072 1534 1166 1558 ever
1186 1521 1377 1559 continue
1396 1521 1598 1569 doubtful,
1621 1536 1788 1573 appears

166 1588 212 1623 to
231 1584 314 1622 suit
332 1584 403 1622 the
423 1588 606 1622 context:
636 1584 665 1622 J
668 1597 731 1622 ην.
757 1595 770 1622 1
796 1584 870 1622 159
898 1584 1012 1622 Jahn
1039 1584 1154 1622 reads
1173 1585 1273 1622 with
1303 1584 1337 1622 P
1364 1585 1532 1623 vehatur
1558 1586 1788 1625 Pensilibus

162 1647 316 1698 plumis
335 1655 450 1697 atque
470 1647 588 1685 illinc
608 1647 792 1697 despiciet
811 1661 900 1686 nos:
921 1649 1068 1700 Mayor
1087 1648 1286 1698 despiciat.
1417 1648 1493 1687 948
1525 1648 1673 1688 Omnia
1693 1655 1786 1690 cet.:

171 1712 275 1750 1090
293 1711 382 1750 licet
401 1718 494 1761 quot
512 1711 573 1749 vis
592 1711 758 1750 vivendo
777 1711 932 1751 vincere
947 1713 1074 1751 saecla
1081 1726 1093 1761 ζ,
1116 1725 1129 1751 1
1147 1713 1224 1751 202
1241 1713 1450 1763 Multaque
1465 1713 1630 1752 vivendo
1645 1714 1787 1752 vitalia

166 1775 321 1813 vincere
351 1775 488 1822 saecla,
514 1775 647 1813 where
672 1788 737 1813 see
765 1789 803 1814 n.
918 1776 994 1814 950
1025 1776 1137 1823 Quid
1163 1789 1288 1826 resp.:
1322 1776 1385 1813 for
1411 1775 1481 1814 the
1514 1776 1633 1814 indic.
1661 1790 1782 1828 comp.

167 1838 305 1878 Madv.
328 1851 459 1889 opusc.
484 1850 515 1876 11
534 1851 572 1889 p.
597 1839 646 1876 39
663 1840 753 1877 who
773 1852 919 1890 among
938 1853 1061 1890 many
1081 1839 1198 1877 other
1217 1851 1403 1889 passages
1419 1839 1517 1876 cites
1534 1839 1613 1877 Cic.
1629 1840 1680 1878 ad
1693 1841 1784 1879 Att.

167 1914 237 1941 XVI
259 1902 281 1942 7
304 1903 328 1940 4
348 1916 458 1940 nunc
477 1902 580 1952 quid
596 1903 918 1953 respondemus&
947 1916 1070 1954 comp.
1094 1908 1163 1941 too
1188 1915 1230 1940 vl
1261 1903 1364 1941 1106
1390 1903 1499 1941 Nam
1518 1903 1639 1952 quid.
1655 1933 1662 1942 .
1671 1911 1788 1954 puta-

166 1980 266 2014 mus,
283 1966 364 2004 and
376 1980 414 2004 n.
430 1966 554 2004 there.
668 1966 872 2005 intendere
886 1967 997 2005 litem
1011 1967 1045 2004 is
1057 1980 1082 2004 a
1094 1967 1197 2018 legal
1212 1968 1357 2017 phrase
1364 1981 1374 2015 3
1403 1967 1473 2004 the
1486 1966 1657 2005 intentio
1669 1968 1789 2020 being

166 2030 238 2068 the
256 2029 469 2081 plaintiff's
489 2030 606 2068 claim
626 2030 691 2068 for
705 2030 910 2081 damages:
932 2030 1058 2068 Gaius
1074 2042 1117 2068 lv
1133 2032 1180 2068 41
1199 2030 1370 2068 intentio
1390 2037 1443 2068 est
1463 2044 1508 2068 ea
1522 2044 1622 2080 pars
1629 2031 1788 2082 formu-

165 2092 227 2131 lae
246 2106 328 2143 qua
346 2099 456 2132 actor
474 2093 719 2132 desiderium
737 2106 856 2131 suum
874 2093 1088 2132 concludit.
1099 2125 1106 2132 .
1117 2094 1166 2132 ‚si
1179 2101 1307 2144 paret,
1322 2094 1371 2132 N.
1394 2093 1601 2132 N....dare
1616 2102 1788 2145 oportere

166 2160 240 2195 cet.
301 2156 386 2194 But
404 2156 601 2208 probably
620 2157 656 2194 it
675 2157 770 2195 here
788 2170 927 2195 means
946 2170 998 2195 no
1018 2170 1127 2195 more
1147 2158 1248 2195 than
1268 2162 1312 2196 to
1330 2158 1451 2208 bring
1477 2171 1530 2195 an
1556 2159 1787 2197 accusation

166 2220 344 2272 against:
365 2224 506 2258 auctor
521 2219 573 2257 ad
597 2220 748 2258 Heren.
765 2232 779 2258 1
797 2220 846 2259 27
863 2234 909 2258 ea:
927 2220 1148 2259 intentione
1167 2228 1202 2259 et
1222 2220 1467 2270 infitiatione
1487 2221 1683 2260 iudicatio
1702 2237 1787 2261 con-

166 2283 352 2322 stituitur
376 2283 444 2321 hoc
467 2283 581 2321 modo
596 2297 608 2321 .·
636 2284 807 2322 intentio
833 2283 1011 2322 occidisti
1033 2284 1192 2322 Aiacem
1211 2289 1283 2323 cet.
1296 2299 1307 2333 3
1336 2296 1369 2323 11
1397 2285 1448 2323 28
1477 2285 1582 2323 ratio
1611 2293 1664 2324 est
1687 2300 1787 2336 quae

167 2361 330 2385 causam
349 2347 590 2386 demonstrat
608 2362 744 2386 veram
761 2361 836 2386 esse
855 2362 978 2398 quam
998 2348 1265 2397 intendimus3
1287 2350 1337 2387 45
1354 2349 1558 2388 intendere
1572 2357 1788 2389 controver-

167 2412 272 2449 siam
278 2426 290 2460 3
318 2411 399 2451 oio.
422 2411 474 2450 de
492 2416 592 2450 orat.
615 2423 629 2449 1
651 2412 700 2449 42
710 2426 721 2461 3
749 2425 822 2463 pro
842 2412 1016 2451 Caecina
1037 2414 1099 2452 20.
1224 2414 1298 2452 955
1326 2413 1470 2452 abhinc
1489 2413 1532 2452 of
1550 2413 1621 2452 the
1635 2413 1784 2462 future,

167 2488 191 2513 a
210 2487 309 2526 very
328 2487 417 2512 rare
436 2487 567 2513 sense:
588 2474 708 2513 Lach.
731 2476 811 2514 and
830 2476 967 2514 before
986 2477 1069 2514 him
1089 2477 1202 2515 Forc.
1225 2477 1304 2515 cite
1320 2476 1521 2515 Pacuvius
1537 2478 1584 2515 21
1607 2491 1720 2527 seque
1734 2478 1790 2516 ad

167 2538 282 2576 ludos
301 2538 387 2576 iam
401 2538 495 2576 inde
515 2538 659 2577 abhinc
679 2546 888 2578 emerceant.
1016 2540 1090 2578 956
1113 2539 1352 2590 perfunctus
1370 2554 1404 2578 υ.
1421 2540 1625 2590 praemia:
1655 2553 1698 2579 so
1717 2541 1787 2579 the

167 2601 425 2653 antiquarian
443 2601 607 2649 Fronto,
624 2602 676 2640 ad
691 2602 847 2640 Verum
868 2614 901 2640 11
923 2602 958 2650 7,
975 2616 1098 2640 onera
1117 2602 1344 2653 quaestoria
1362 2609 1397 2641 et
1416 2603 1606 2641 aedilicia
1619 2609 1660 2641 'et
1672 2617 1788 2654 prae-

167 2665 272 2703 toria
285 2663 523 2714 perfunctus
543 2671 618 2703 est:
640 2664 662 2704 ’7
668 2666 719 2703 34
738 2666 847 2703 mala
865 2666 1261 2716 multa...fun9itur;
1279 2678 1305 2704 v
1322 2666 1399 2704 358
1419 2666 1787 2717 neque...fun9itur

166 2729 298 2767 hilum
306 2742 316 2776 3
356 2739 406 2766 111
441 2728 520 2766 940
553 2742 598 2766 ea
623 2743 724 2779 quae
744 2729 914 2779 fructus
938 2743 1101 2779 cumque
1127 2743 1182 2777 es,;
1214 2741 1257 2767 IV
1290 2730 1394 2769 1078
1428 2729 1530 2780 quid
1547 2729 1780 2780 primum...

155 2791 383 2843 fruantur3
417 2792 520 2829 1095
549 2791 626 2829 Nil
651 2792 821 2831 datur...
821 2792 1054 2843 fruendum
1063 2807 1074 2841 3
1103 2804 1135 2831 11
1168 2793 1245 2831 659
1266 2793 1425 2843 potitur
1448 2793 1703 2843 primordia,
1732 2805 1782 2831 111

170 2855 273 2894 1038
294 2854 455 2904 Sceptra
471 2854 625 2904 potitus
632 2869 643 2903 3
672 2866 715 2893 IV
735 2855 813 2894 760
836 2868 1113 2905 quem...mors
1131 2862 1166 2894 et
1192 2863 1299 2894 terra
1315 2856 1505 2906 potitust,
1533 2867 1560 2893 v
1583 2857 1684 2894 1033
1704 2857 1787 2894 vim

167 2919 334 2969 quisque
359 2931 476 2956 suam
499 2918 634 2967 quoad
654 2918 781 2968 possit
810 2919 931 2956 abuti.
1045 2919 1120 2958 957
1150 2920 1283 2958 Bentl.
1310 2925 1452 2972 quotes
1479 2920 1660 2958 Democr.
1683 2919 1782 2971 frag.

171 2982 218 3019 31
253 2981 435 3019 Mullach
459 2978 666 3030 ιῖνοήμονες
694 2982 767 3020 τῶν
795 2980 988 3021 ἀπεόντων
1013 2979 1220 3035 ὀρέγονται,
1241 2982 1289 3022 τὰ
1310 2982 1352 3022 δὲ
1378 2980 1785 3034 παρέοντα...οἷμαλὸύ-
